3584 5475
1603 572 1691 580 -
1781 538 1868 596 44
1943 526 2048 580 ’-

577 714 1046 795 1101nin·1tur);
1104 712 1452 774 Platonem
1506 716 1571 773 in
1619 714 1877 774 Italiam
1932 712 2313 793 profectum
2370 732 2539 786 esse,
2590 722 2661 773 ut
2696 714 3050 793 Archytae

596 814 668 863 et
716 802 1308 889 Pythagoreorum
1383 804 1728 864 doctrinas
1796 815 2275 882 cognosceret,
2338 802 2639 882 pluribus
2708 803 2871 863 locis
2939 802 3050 885 (de

597 912 739 971 rep.
775 893 797 952 1
848 890 1036 975 §163
1088 893 1171 951 de
1222 890 1328 952 fin.
1369 888 1446 952 V
1478 876 1659 972 §673
1710 891 1904 953 Tusc
1943 892 2133 972 Disp.
2167 892 2198 951 I
2246 890 2282 975 ξ
2322 893 2424 967 39)
2474 892 2707 970 tridit3
2757 891 3050 971 denique
3130 904 3135 907 “

597 1002 687 1041 ex
737 992 930 1061 parte
981 981 1217 1041 similia
1267 981 1555 1060 legimus
1603 983 1665 1041 in
1718 980 2113 1065 fragmento
2159 984 2235 1042 81
2294 980 2633 1063 (Miiller)
2684 979 3051 1043 Hortensii.

599 1072 698 1131 Ex
753 1069 1022 1133 Graeco
1073 1070 1365 1151 quodam
1423 1070 1590 1131 libro
1641 1071 1818 1131 hanc
1876 1058 2440 1131 narratiunculam
2504 1079 2842 1150 sumptam
2901 1090 3051 1140 esse

597 1172 670 1219 et
703 1180 829 1240 per
861 1180 934 1221 se
971 1158 1328 1221 verisimile
1365 1168 1472 1219 est
1511 1168 1581 1219 et
1620 1160 1776 1219 inde
1814 1170 2120 1239 apparet,
2162 1160 2343 1239 quod
2378 1161 2609 1221 vitium
2652 1160 3053 1239 proditionis

598 1251 860 1329 patriae
910 1248 972 1333 (ξ
1005 1252 1109 1322 40,
1151 1248 1209 1330 1)
1263 1248 1556 1309 Romani
1603 1251 1718 1310 vix
1767 1258 2121 1321 noverunt,
2172 1268 2321 1309 cum
2376 1270 2416 1308 a
2451 1246 2733 1310 Graecis
2782 1251 3053 1328 saepius
3122 1296 3126 1299 .

597 1340 776 1399 inter
809 1340 1230 1399 atrocissima
1263 1336 1569 1399 facinora
1600 1347 1895 1417 ponatur
1929 1336 2126 1414 (Xen.
2159 1337 2331 1417 apol.
2364 1341 2464 1410 25,
2508 1338 2767 1401 Hellen.
2790 1338 2835 1411 1,
2862 1342 2915 1409 7,
2940 1340 3049 1405 21;

595 1426 764 1488 Plat.
806 1448 947 1507 rep.
983 1426 1052 1487 X
1099 1447 1160 1507 p.
1198 1428 1434 1504 615A3
1486 1428 1705 1507 Eurip.
1753 1428 2214 1493 Andromach.
2252 1430 2405 1507 3883
2453 1426 2665 1489 Plaut.
2710 1426 2885 1489 Rud.
2928 1430 3059 1502 50).

593 1514 732 1577 Cic.
801 1516 1093 1577 fortasse
1186 1517 1525 1595 dialogum
1606 1516 2028 1597 Pythagorei
2125 1518 2573 1595 posteriorum
2665 1526 3049 1596 temporum

596 1606 922 1677 adhibuit,
987 1606 1050 1680 in
1115 1625 1248 1685 quo
1292 1606 1641 1685 Archytas
1691 1617 1761 1665 et
1810 1604 2091 1666 Pontius
2141 1608 2315 1665 inter
2362 1626 2436 1666 36
2487 1605 3052 1685 colloquebantur

597 1704 964 1774 praesente
1022 1694 1326 1756 Platone.
1425 1694 1716 1755 Habitus
1781 1695 2032 1773 dialogi
2089 1695 2447 1774 Archytae
2514 1693 2685 1755 falso
2745 1696 3051 1755 attributi

595 1782 707 1864 (cf.
759 1782 980 1843 Diels
1044 1784 1316 1863 Fragm.
1382 1786 1441 1845 (1.
1494 1783 1857 1846 Vorsokr.2
1909 1786 2075 1845 1906
2125 1784 2155 1844 1
2216 1804 2278 1863 p.
2331 1782 2485 1864 264)
2547 1786 2612 1843 in
2666 1786 3050 1845 universum

595 1892 746 1933 cum
800 1875 1156 1933 sententiis
1206 1893 1244 1933 a
1293 1872 1426 1935 Cic.
1482 1873 1697 1934 allatis
1763 1875 2085 1946 concinit,
2155 1867 2568 1953 quamquam
2640 1875 2704 1933 in
2770 1873 3051 1952 singulis

593 1963 835 2023 similia
904 1982 1036 2023 non
1106 1963 1400 2042 praebet
1469 1960 1580 2044 (cf.
1649 1962 1995 2023 Mullach
2064 1962 2187 2042 Fg.
2247 1954 2496 2025 philos.
2567 1959 2809 2024 Graec,
2882 1964 3051 2023 1860

595 2071 658 2131 p.
684 2055 810 2113 555
830 2071 976 2131 sqq.
1013 2054 1210 2113 8init.
1245 2050 1371 2125 fin„
1410 2054 1507 2124 10,
1545 2054 1655 2113 ubi
1690 2054 2042 2112 contentio
2080 2052 2343 2112 luminis
2375 2053 2751 2126 invenitur).
2812 2052 3049 2131 Atque

599 2142 774 2201 hanc
810 2134 1375 2201 narratiunculam
1432 2161 1564 2202 non
1603 2161 1691 2201 ex
1726 2139 1994 2203 Graeco
2045 2140 2212 2201 libro
2249 2160 2350 2211 e0,
2400 2160 2535 2221 quo
2572 2141 2655 2200 de
2692 2152 3049 2201 senectute

596 2232 953 2307 agebatur,
1004 2231 1308 2290 haustam
1351 2250 1520 2303 esse,
1570 2232 1725 2290 inde
1761 2239 2050 2299 constat,
2101 2230 2284 2309 quod
2318 2232 2382 2290 in
2434 2227 2513 2313 βξ
2547 2232 2799 2309 44366.
2849 2230 3050 2309 plane

595 2319 790 2379 aliter
849 2320 933 2379 de
992 2319 1346 2399 voluptate
1412 2321 1655 2381 dicitur
1713 2319 1826 2401 (cf.
1876 2340 1936 2399 p.
1980 2320 2108 2400 23).
2211 2319 2467 2379 Eodem
2534 2322 2592 2379 in
2656 2317 3049 2397 fragmento

598 2408 945 2469 Hortensii
969 2427 1174 2487 supra
1196 2409 1396 2469 allato
1430 2411 1768 2470 invenitur
1796 2407 1981 2470 locus
2004 2429 2093 2468 ex
2115 2407 2395 2469 Timaeo
2418 2407 2719 2468 Platonis
2740 2417 3050 2488 sumptus

596 2497 686 2578 (p.
748 2496 953 2578 69D),
1013 2499 1126 2577 qui
1184 2499 1247 2557 in
1315 2495 1350 2579 ξ
1401 2503 1488 2560 44
1550 2496 1827 2559 Catonis
1886 2498 2263 2559 adhibetur.
2360 2496 2630 2557 Dictum
2694 2495 3050 2577 Sophoclis

595 2587 662 2668 (ἕ
710 2589 970 2667 47)-6Χ
1018 2585 1304 2647 Platone
1364 2587 1761 2649 translatum
1832 2596 1938 2647 est
1996 2584 2101 2668 (cf.
2152 2606 2357 2665 supra
2416 2606 2475 2665 p.
2513 2586 2639 2667 38).
2732 2586 3048 2667 Denique

597 2684 745 2737 tota
765 2696 924 2756 pars
947 2674 1108 2752 ea¹),
1143 2695 1277 2756 qua
1304 2678 1530 2756 agitur
1552 2677 1636 2737 de
1662 2679 1795 2737 vita
1834 2676 2305 2756 agricolarum,
2339 2685 2528 2737 certe
2560 2696 2597 2735 a
2629 2672 2760 2735 Cio.
2798 2677 3050 2735 inserta

593 2777 718 2825 est.
813 2764 1028 2825 Vides
1095 2763 1316 2845 igitur,
1382 2769 1434 2826 si
1504 2767 1823 2846 exempla
1880 2765 2197 2826 Romana
2264 2769 2327 2825 in
2389 2766 2557 2825 libro
2620 2763 2887 2827 Graeco
2948 2786 3048 2838 e0,

601 2875 800 2934 quem
839 2857 1214 2934 exscripsit,
1260 2875 1392 2916 non
1431 2855 1630 2916 allata
1667 2855 1873 2916 fuisse
1914 2856 2315 2915 recordatus
2348 2867 2441 2924 63,
2475 2856 2741 2914 tertiam
2781 2863 3043 2934 partem

593 2963 818 3023 paene
877 2953 1088 3004 totam
1153 2942 1284 3006 Cic.
1346 2964 1476 3005 non
1547 2945 1851 3006 adhibito
1915 2943 2107 3005 fonte
2167 2942 2436 3006 Graeco
2503 2964 2604 3016 e0,
2668 2963 2873 3023 quem
2933 2965 3048 3003 ex-

599 3034 835 3106 hausit,
885 3035 1252 3112 scripsisse.

772 3123 846 3182 In
906 3124 1258 3183 secunda
1318 3132 1594 3203 parte
1609 3124 1695 3183 ad
1743 3122 1905 3185 Cic..
1926 3087 2317 3184 reducenda
2374 3131 2532 3183 sunt
2581 3124 2822 3193 omnia,
2875 3141 3049 3200 61116

594 3211 972 3272 afferuntur
1036 3211 1382 3286 Romana,
1453 3225 1818 3293 praeterea
1886 3210 2042 3293 Cyri
2118 3221 2190 3272 et
2255 3212 2559 3272 Nestoris
2638 3211 3050 3290 exemplum.

597 3299 975 3362 Similitudo
1035 3304 1097 3361 in
1159 3304 1344 3380 initio
1403 3302 1566 3380 §36
1627 3301 1829 3363 allata
1886 3300 2074 3383 („nisi
2132 3314 2482 3380 tamquam
2542 3301 2769 3360 lumini
2828 3301 3047 3360 oleum

593 3389 936 3471 instilles“)
988 3393 1112 3450 iam
1166 3393 1231 3450 in
1284 3390 1653 3452 Hortensio
1706 3389 1827 3470 (fg.
1872 3393 1953 3452 74
2004 3390 2312 3456 Miiller)
2363 3391 2663 3449 adhibita
2715 3398 2837 3450 est.

772 3479 844 3539 In
891 3481 1144 3558 prima
1184 3487 1416 3558 parte
1462 3489 1737 3559 praeter
1779 3478 2098 3558 exempla
2132 3477 2237 3555 (cf.
2270 3499 2474 3558 supra
2510 3477 2641 3560 §1)
2624 3479 2749 3553 >et
2778 3477 3049 3540 Caecilii

594 3588 833 3628 versus
864 3576 1071 3628 certe
1124 3565 1159 3650 ξ
1206 3571 1306 3638 24,
1367 3589 1499 3648 qua
1550 3569 1634 3628 de
1685 3569 2002 3648 agricolis
2051 3567 2380 3629 Romanis
2430 3570 2671 3646 agitur,
2721 3565 2855 3628 Cio.
2902 3570 3047 3647 ipse

595 3657 887 3734 addidit3
939 3668 1240 3717 ceterum
1286 3659 1416 3718 hoc
1453 3657 1599 3718 loco
1635 3659 1817 3718 idem
1852 3677 2087 3718 versus
2123 3655 2390 3718 Caecilii
2426 3657 2665 3717 allatus
2700 3666 2806 3716 est
2840 3665 3047 3736 atque

596 3749 657 3806 in
711 3748 856 3824 §31
906 3746 940 3806 l.
974 3747 1018 3806 Ι.
1053 3745 1250 3807 Tusc
1289 3747 1470 3826 Disp.

779 3923 814 3988 ¹)
855 3923 967 3974 Cic.
1009 3923 1220 3988 fingere
1262 3923 1530 3974 Catonern
1582 3939 1689 3972 non
1731 3923 1805 3972 ita
1843 3923 2181 3988 loquentem,
2232 3927 2290 3971 ut
2326 3922 2447 3988 ipse
2486 3922 2539 3970 in
2579 3921 2713 3972 libro
2764 3921 2873 3983 „de
2914 3923 3049 3986 agri-

590 3996 840 4046 cultura“
898 3995 1131 4061 scripsit,
1200 3995 1293 4043 vix
1361 4010 1502 4060 opus
1567 3999 1655 4044 est
1721 3995 1987 4044 adnotare
2064 3993 2151 4060 (cf.
2212 4008 2355 4059 quae
2413 3993 2649 4043 Moore
2713 3959 2941 4043 adnotat
2980 3993 3047 4042 ad

592 4067 625 4134 g
665 4067 748 4126 51,
789 4065 838 4127 3,
861 4067 931 4130 5).
1008 4066 1200 4132 Itaque
1236 4067 1422 4116 verba
1473 4062 1505 4134 ξ
1547 4065 1614 4115 54
1665 4066 1814 4127 „dixi
1866 4065 1915 4114 in
1964 4081 2033 4115 eo
2083 4065 2235 4125 libro,
2284 4079 2447 4134 quem
2499 4064 2571 4114 de
2620 4066 2785 4115 rebus
2832 4065 3049 4115 rusticis

593 4139 820 4204 scripsi“
862 4143 1070 4187 tantum
1112 4140 1179 4201 ad
1221 4138 1399 4204 priora
1436 4137 1730 4188 referenda
1769 4152 1900 4188 esse
1939 4137 2047 4186 iam
2087 4103 2285 4185 Klo’tz
2326 4124 2504 4200 (Uber
2530 4131 2718 4186 Cato's
2746 4135 2949 4186 Schrift
2977 4136 3048 4186 de

594 4225 653 4260 re
703 4210 920 4268 rustica,
973 4197 1182 4274 jahns
1230 4209 1412 4274 Jahrb.
1464 4209 1638 4276 suppl
1681 4209 1737 4258 Χ
1799 4208 1935 4257 1814
1990 4225 2040 4274 p.
2084 4206 2173 4272 31)
2232 4213 2290 4258 et
2326 4207 2559 4258 Weise
2618 4206 3046 4274 (Quaestionum

591 4281 941 4332 Catoniarum
984 4297 1102 4348 cap.
1149 4283 1193 4330 V
1239 4281 1372 4331 1886
1422 4279 1736 4347 p.118sq.)
1777 4286 1931 4330 recte
1971 4285 2391 4346 perspexerunt.
2467 4278 2573 4328 Hic
2612 4285 2765 4330 recte
2806 4279 3050 4330 ostendit

593 4353 646 4402 in
705 4353 906 4402 ceteris
964 4369 1186 4419 quoque
1236 4353 1347 4404 Cic.
1399 4368 1509 4402 non
1558 4351 1786 4402 Catonis
1844 4352 2035 4402 librum
2105 4351 2471 4417 exscripsisse
2530 4351 2850 4416 (praecipue
2903 4350 3047 4416 apud

589 4425 860 4475 Catonern
903 4425 1028 4473 nihil
1078 4426 1150 4475 de
1199 4424 1472 4474 frumento
1521 4423 1575 4492 (ξ
1615 4424 1676 4474 51
1731 4423 1980 4486 Catonis)
2030 4423 2317 4473 invenitur.
2395 4421 2454 4471 In
2503 4417 2570 4489 ἐξ
2611 4421 2693 4470 56.
2744 4422 2811 4470 57
2859 4422 3048 4472 Xeno-

592 4496 870 4562 phonteas
918 4498 1153 4546 subesse
1204 4496 1510 4546 sententias
1558 4497 1662 4545 iam
1714 4495 1953 4545 diximus
2003 4498 2075 4560 (p.
2117 4493 2222 4559 39).
2302 4491 2486 4590 Quem
2532 4493 2739 4543 fontem
2792 4493 2903 4544 Cic
2955 4494 3048 4542 ad·

592 4567 844 4626 hibucrit,
885 4568 1200 4632 perquirere
1243 4583 1348 4617 non
1391 4575 1632 4617 nostrum
1675 4573 1777 4617 est.
