<?xml version="1.0" encoding="UTF-8"?>
<!DOCTYPE html PUBLIC "-//W3C//DTD XHTML 1.0 Transitional//EN"
    "http://www.w3.org/TR/xhtml1/DTD/xhtml1-transitional.dtd">
<html xmlns="http://www.w3.org/1999/xhtml" xml:lang="en" lang="en">
 <head>
  <title>
</title>
<meta http-equiv="Content-Type" content="text/html;charset=utf-8" />
  <meta name='ocr-system' content='tesseract 3.04.00' />
  <meta name='ocr-capabilities' content='ocr_page ocr_carea ocr_par ocr_line ocrx_word'/>
</head>
<body>
  <div class='ocr_page' id='page_1' title='image "./deciceroniscato00cicegoog_0023.png"; bbox 0 0 3584 5475; ppageno 0'>
   <div class='ocr_carea' id='block_1_1' title="bbox 1527 560 1969 619">
    <p class='ocr_par' dir='ltr' id='par_1_1' title="bbox 1527 560 1969 619">
     <span class='ocr_line' id='line_1_1' title="bbox 1527 560 1969 619; baseline -0.002 -17"><span class='ocrx_word' id='word_1_1' title='bbox 1527 560 1969 619; x_wconf 70' lang='lat'>—21-</span> 
     </span>
    </p>
   </div>
   <div class='ocr_carea' id='block_1_2' title="bbox 513 735 3001 4388">
    <p class='ocr_par' dir='ltr' id='par_1_2' title="bbox 516 735 2978 2962">
     <span class='ocr_line' id='line_1_2' title="bbox 518 735 2976 818; baseline 0.002 -24"><span class='ocrx_word' id='word_1_2' title='bbox 518 735 856 813; x_wconf 80' lang='lat' dir='ltr'>indicavit.</span> <span class='ocrx_word' id='word_1_3' title='bbox 949 735 1136 796; x_wconf 86' lang='lat' dir='ltr'>Idem</span> <span class='ocrx_word' id='word_1_4' title='bbox 1207 737 1307 796; x_wconf 91' lang='lat' dir='ltr'>vir</span> <span class='ocrx_word' id='word_1_5' title='bbox 1373 735 1617 797; x_wconf 90' lang='lat' dir='ltr'>doctus</span> <span class='ocrx_word' id='word_1_6' title='bbox 1684 735 1924 797; x_wconf 81' lang='lat' dir='ltr'><strong>haeret</strong></span> <span class='ocrx_word' id='word_1_7' title='bbox 1997 738 2063 797; x_wconf 92' lang='lat' dir='ltr'>in</span> <span class='ocrx_word' id='word_1_8' title='bbox 2142 757 2253 810; x_wconf 92' lang='lat' dir='ltr'>e0,</span> <span class='ocrx_word' id='word_1_9' title='bbox 2329 739 2515 818; x_wconf 92' lang='lat' dir='ltr'>quod</span> <span class='ocrx_word' id='word_1_10' title='bbox 2580 736 2976 798; x_wconf 82' lang='lat' dir='ltr'>Masinissae</span> 
     </span>
     <span class='ocr_line' id='line_1_3' title="bbox 519 822 2978 909; baseline 0.001 -25"><span class='ocrx_word' id='word_1_11' title='bbox 519 824 910 905; x_wconf 83' lang='lat' dir='ltr'>exemplum</span> <span class='ocrx_word' id='word_1_12' title='bbox 977 844 1129 886; x_wconf 92' lang='lat' dir='ltr'>cum</span> <span class='ocrx_word' id='word_1_13' title='bbox 1213 824 1652 886; x_wconf 80' lang='lat' dir='ltr'>antecedenti</span> <span class='ocrx_word' id='word_1_14' title='bbox 1719 822 1756 909; x_wconf 66' lang='grc' dir='ltr'>ξ</span> <span class='ocrx_word' id='word_1_15' title='bbox 1808 827 1891 887; x_wconf 85' lang='grc'>33</span> <span class='ocrx_word' id='word_1_16' title='bbox 1958 845 2092 886; x_wconf 93' lang='grc'>000</span> <span class='ocrx_word' id='word_1_17' title='bbox 2174 846 2511 888; x_wconf 84' lang='lat' dir='ltr'>conexum</span> <span class='ocrx_word' id='word_1_18' title='bbox 2591 828 2677 887; x_wconf 93' lang='lat' dir='ltr'>sit</span> <span class='ocrx_word' id='word_1_19' title='bbox 2755 835 2825 886; x_wconf 93' lang='lat' dir='ltr'>et</span> <span class='ocrx_word' id='word_1_20' title='bbox 2891 828 2978 887; x_wconf 92' lang='lat' dir='ltr'>ad</span> 
     </span>
     <span class='ocr_line' id='line_1_4' title="bbox 519 911 2974 994; baseline 0.002 -21"><span class='ocrx_word' id='word_1_21' title='bbox 519 914 838 994; x_wconf 82' lang='lat' dir='ltr'>exempla</span> <span class='ocrx_word' id='word_1_22' title='bbox 853 911 1010 994; x_wconf 87' lang='lat' dir='ltr'>Cyri</span> <span class='ocrx_word' id='word_1_23' title='bbox 1033 923 1103 973; x_wconf 91' lang='lat' dir='ltr'>et</span> <span class='ocrx_word' id='word_1_24' title='bbox 1115 912 1371 975; x_wconf 87' lang='lat' dir='ltr'>Metelli</span> <span class='ocrx_word' id='word_1_25' title='bbox 1391 916 1616 994; x_wconf 88' lang='lat' dir='ltr'>potius</span> <span class='ocrx_word' id='word_1_26' title='bbox 1639 914 1944 978; x_wconf 81' lang='lat' dir='ltr'>accedat.</span> <span class='ocrx_word' id='word_1_27' title='bbox 1985 913 2122 977; x_wconf 89' lang='lat' dir='ltr'>Sed</span> <span class='ocrx_word' id='word_1_28' title='bbox 2140 916 2193 975; x_wconf 91' lang='lat' dir='ltr'>si</span> <span class='ocrx_word' id='word_1_29' title='bbox 2210 917 2701 976; x_wconf 87' lang='lat' dir='ltr'>sententiarum</span> <span class='ocrx_word' id='word_1_30' title='bbox 2724 936 2974 977; x_wconf 83' lang='lat' dir='ltr'>nexum</span> 
     </span>
     <span class='ocr_line' id='line_1_5' title="bbox 519 1001 2975 1083; baseline 0 -19"><span class='ocrx_word' id='word_1_31' title='bbox 519 1004 900 1064; x_wconf 85' lang='lat' dir='ltr'>accuratius</span> <span class='ocrx_word' id='word_1_32' title='bbox 930 1011 1400 1083; x_wconf 82' lang='lat' dir='ltr'>perscrutatus</span> <span class='ocrx_word' id='word_1_33' title='bbox 1423 1023 1515 1075; x_wconf 85' lang='lat' dir='ltr'>eS,</span> <span class='ocrx_word' id='word_1_34' title='bbox 1540 1013 1832 1083; x_wconf 89' lang='lat' dir='ltr'>apparet</span> <span class='ocrx_word' id='word_1_35' title='bbox 1852 1001 2003 1082; x_wconf 63' lang='lat' dir='ltr'>Cio,</span> <span class='ocrx_word' id='word_1_36' title='bbox 2028 1014 2099 1064; x_wconf 88' lang='lat' dir='ltr'>ut</span> <span class='ocrx_word' id='word_1_37' title='bbox 2128 1002 2332 1065; x_wconf 87' lang='lat' dir='ltr'>senes</span> <span class='ocrx_word' id='word_1_38' title='bbox 2361 1006 2679 1066; x_wconf 91' lang='lat' dir='ltr'>robustos</span> <span class='ocrx_word' id='word_1_39' title='bbox 2702 1013 2975 1065; x_wconf 85' lang='lat' dir='ltr'>exstare</span> 
     </span>
     <span class='ocr_line' id='line_1_6' title="bbox 520 1088 2975 1173; baseline 0.001 -21"><span class='ocrx_word' id='word_1_40' title='bbox 520 1092 964 1163; x_wconf 82' lang='lat' dir='ltr'>demonstret,</span> <span class='ocrx_word' id='word_1_41' title='bbox 997 1091 1242 1153; x_wconf 82' lang='lat' dir='ltr'>afferre</span> <span class='ocrx_word' id='word_1_42' title='bbox 1275 1088 1571 1173; x_wconf 69' lang='lat' dir='ltr'>primuni</span> <span class='ocrx_word' id='word_1_43' title='bbox 1594 1090 1843 1173; x_wconf 87' lang='lat' dir='ltr'><strong>Cyrum</strong></span> <span class='ocrx_word' id='word_1_44' title='bbox 1881 1101 1954 1153; x_wconf 90' lang='lat' dir='ltr'>et</span> <span class='ocrx_word' id='word_1_45' title='bbox 1972 1093 2341 1167; x_wconf 91' lang='lat' dir='ltr'>Metellum,</span> <span class='ocrx_word' id='word_1_46' title='bbox 2369 1094 2616 1157; x_wconf 87' lang='lat' dir='ltr'>deinde</span> <span class='ocrx_word' id='word_1_47' title='bbox 2642 1090 2975 1155; x_wconf 89' lang='lat' dir='ltr'>Catonem</span> 
     </span>
     <span class='ocr_line' id='line_1_7' title="bbox 520 1182 2977 1262; baseline 0.001 -21"><span class='ocrx_word' id='word_1_48' title='bbox 520 1190 730 1261; x_wconf 88' lang='lat' dir='ltr'>atque</span> <span class='ocrx_word' id='word_1_49' title='bbox 767 1182 1040 1242; x_wconf 89' lang='lat' dir='ltr'>uberius</span> <span class='ocrx_word' id='word_1_50' title='bbox 1088 1189 1478 1262; x_wconf 81' lang='lat' dir='ltr'>propterea,</span> <span class='ocrx_word' id='word_1_51' title='bbox 1528 1182 1710 1262; x_wconf 93' lang='lat' dir='ltr'>quod</span> <span class='ocrx_word' id='word_1_52' title='bbox 1747 1202 1879 1243; x_wconf 87' lang='lat' dir='ltr'>non</span> <span class='ocrx_word' id='word_1_53' title='bbox 1918 1183 2373 1244; x_wconf 88' lang='lat' dir='ltr'>adulescentis</span> <span class='ocrx_word' id='word_1_54' title='bbox 2406 1184 2657 1244; x_wconf 89' lang='lat' dir='ltr'>viribus</span> <span class='ocrx_word' id='word_1_55' title='bbox 2690 1185 2977 1245; x_wconf 87' lang='lat' dir='ltr'>servatis</span> 
     </span>
     <span class='ocr_line' id='line_1_8' title="bbox 520 1269 2975 1352; baseline 0.001 -22"><span class='ocrx_word' id='word_1_56' title='bbox 520 1269 896 1331; x_wconf 85' lang='lat' dir='ltr'>defendere</span> <span class='ocrx_word' id='word_1_57' title='bbox 946 1290 1020 1331; x_wconf 91' lang='lat' dir='ltr'>se</span> <span class='ocrx_word' id='word_1_58' title='bbox 1081 1271 1294 1331; x_wconf 89' lang='lat' dir='ltr'>debet</span> <span class='ocrx_word' id='word_1_59' title='bbox 1352 1271 1494 1331; x_wconf 88' lang='lat' dir='ltr'>aliis</span> <span class='ocrx_word' id='word_1_60' title='bbox 1553 1273 1979 1352; x_wconf 82' lang='lat' dir='ltr'>argumentis</span> <span class='ocrx_word' id='word_1_61' title='bbox 2046 1272 2132 1332; x_wconf 86' lang='lat' dir='ltr'>ab</span> <span class='ocrx_word' id='word_1_62' title='bbox 2202 1273 2571 1352; x_wconf 89' lang='lat' dir='ltr'>opprobrio</span> <span class='ocrx_word' id='word_1_63' title='bbox 2618 1271 2680 1332; x_wconf 89' lang='lat' dir='ltr'>II</span> <span class='ocrx_word' id='word_1_64' title='bbox 2745 1272 2803 1352; x_wconf 64' lang='grc' dir='ltr'>(ἓ</span> <span class='ocrx_word' id='word_1_65' title='bbox 2854 1273 2975 1348; x_wconf 89' lang='lat'>33),</span> 
     </span>
     <span class='ocr_line' id='line_1_9' title="bbox 520 1359 2973 1441; baseline 0.001 -21"><span class='ocrx_word' id='word_1_66' title='bbox 520 1361 816 1439; x_wconf 89' lang='lat' dir='ltr'>denique</span> <span class='ocrx_word' id='word_1_67' title='bbox 880 1359 1305 1420; x_wconf 90' lang='lat' dir='ltr'>Masinissam</span> <span class='ocrx_word' id='word_1_68' title='bbox 1387 1370 1598 1441; x_wconf 91' lang='lat' dir='ltr'>atque</span> <span class='ocrx_word' id='word_1_69' title='bbox 1674 1362 1797 1434; x_wconf 89' lang='lat' dir='ltr'>ita,</span> <span class='ocrx_word' id='word_1_70' title='bbox 1876 1370 1949 1421; x_wconf 92' lang='lat' dir='ltr'>ut</span> <span class='ocrx_word' id='word_1_71' title='bbox 2024 1368 2241 1422; x_wconf 85' lang='lat' dir='ltr'>totam</span> <span class='ocrx_word' id='word_1_72' title='bbox 2320 1362 2497 1423; x_wconf 90' lang='lat' dir='ltr'>hanc</span> <span class='ocrx_word' id='word_1_73' title='bbox 2574 1359 2973 1441; x_wconf 84' lang='lat' dir='ltr'>particulam</span> 
     </span>
     <span class='ocr_line' id='line_1_10' title="bbox 519 1446 2976 1532; baseline 0.002 -23"><span class='ocrx_word' id='word_1_74' title='bbox 519 1446 580 1532; x_wconf 66' lang='grc' dir='ltr'>(ξ</span> <span class='ocrx_word' id='word_1_75' title='bbox 615 1450 840 1529; x_wconf 57' lang='grc'>29134)</span> <span class='ocrx_word' id='word_1_76' title='bbox 879 1449 1246 1510; x_wconf 88' lang='lat' dir='ltr'>concludat</span> <span class='ocrx_word' id='word_1_77' title='bbox 1285 1451 1510 1510; x_wconf 91' lang='lat' dir='ltr'>verbis</span> <span class='ocrx_word' id='word_1_78' title='bbox 1550 1458 1820 1529; x_wconf 90' lang='lat' dir='ltr'>„potest</span> <span class='ocrx_word' id='word_1_79' title='bbox 1856 1450 2063 1529; x_wconf 87' lang='lat' dir='ltr'>igitur</span> <span class='ocrx_word' id='word_1_80' title='bbox 2096 1452 2497 1523; x_wconf 68' lang='lat' dir='ltr'>exercitatio</span> <span class='ocrx_word' id='word_1_81' title='bbox 2540 1487 2607 1494; x_wconf 88' lang='lat'>——</span> <span class='ocrx_word' id='word_1_82' title='bbox 2650 1451 2976 1513; x_wconf 83' lang='lat' dir='ltr'>roboris“.</span> 
     </span>
     <span class='ocr_line' id='line_1_11' title="bbox 517 1537 2974 1619; baseline 0.001 -22"><span class='ocrx_word' id='word_1_83' title='bbox 517 1537 888 1599; x_wconf 89' lang='lat' dir='ltr'>Praeterea</span> <span class='ocrx_word' id='word_1_84' title='bbox 939 1537 1136 1600; x_wconf 91' lang='lat' dir='ltr'>Otto</span> <span class='ocrx_word' id='word_1_85' title='bbox 1196 1538 1506 1618; x_wconf 79' lang='lat' dir='ltr'>neglexit</span> <span class='ocrx_word' id='word_1_86' title='bbox 1563 1540 1777 1600; x_wconf 89' lang='lat' dir='ltr'>verba</span> <span class='ocrx_word' id='word_1_87' title='bbox 1825 1558 1972 1619; x_wconf 90' lang='lat' dir='ltr'>cap.</span> <span class='ocrx_word' id='word_1_88' title='bbox 2020 1541 2097 1601; x_wconf 93' lang='lat'>11</span> <span class='ocrx_word' id='word_1_89' title='bbox 2155 1560 2280 1618; x_wconf 82' lang='lat' dir='ltr'>„ne</span> <span class='ocrx_word' id='word_1_90' title='bbox 2320 1541 2453 1600; x_wconf 89' lang='lat' dir='ltr'>sint</span> <span class='ocrx_word' id='word_1_91' title='bbox 2499 1542 2563 1600; x_wconf 90' lang='lat' dir='ltr'>in</span> <span class='ocrx_word' id='word_1_92' title='bbox 2614 1547 2974 1601; x_wconf 87' lang='lat' dir='ltr'>senectute</span> 
     </span>
     <span class='ocr_line' id='line_1_12' title="bbox 522 1628 2975 1708; baseline 0.001 -21"><span class='ocrx_word' id='word_1_93' title='bbox 522 1628 734 1688; x_wconf 88' lang='lat' dir='ltr'>vires“</span> <span class='ocrx_word' id='word_1_94' title='bbox 807 1629 1142 1688; x_wconf 82' lang='lat' dir='ltr'>artissime</span> <span class='ocrx_word' id='word_1_95' title='bbox 1210 1647 1358 1688; x_wconf 91' lang='lat' dir='ltr'>cum</span> <span class='ocrx_word' id='word_1_96' title='bbox 1433 1637 1772 1689; x_wconf 85' lang='lat' dir='ltr'>extremo.</span> <span class='ocrx_word' id='word_1_97' title='bbox 1816 1631 2167 1690; x_wconf 91' lang='lat' dir='ltr'>enuntiato</span> <span class='ocrx_word' id='word_1_98' title='bbox 2234 1629 2526 1708; x_wconf 80' lang='lat' dir='ltr'>exempli</span> <span class='ocrx_word' id='word_1_99' title='bbox 2580 1628 2975 1689; x_wconf 85' lang='lat' dir='ltr'>Masinissae</span> 
     </span>
     <span class='ocr_line' id='line_1_13' title="bbox 520 1715 2973 1797; baseline 0 -20"><span class='ocrx_word' id='word_1_100' title='bbox 520 1716 891 1777; x_wconf 89' lang='lat' dir='ltr'>cohaerere</span> <span class='ocrx_word' id='word_1_101' title='bbox 908 1716 972 1793; x_wconf 82' lang='grc'>1).</span> <span class='ocrx_word' id='word_1_102' title='bbox 1036 1716 1282 1797; x_wconf 92' lang='lat' dir='ltr'>Neque</span> <span class='ocrx_word' id='word_1_103' title='bbox 1331 1718 1535 1778; x_wconf 90' lang='lat' dir='ltr'>etiam</span> <span class='ocrx_word' id='word_1_104' title='bbox 1587 1719 1681 1777; x_wconf 92' lang='lat' dir='ltr'>ita</span> <span class='ocrx_word' id='word_1_105' title='bbox 1717 1719 1967 1778; x_wconf 90' lang='lat' dir='ltr'>-mirum</span> <span class='ocrx_word' id='word_1_106' title='bbox 2022 1725 2129 1779; x_wconf 91' lang='lat' dir='ltr'>est</span> <span class='ocrx_word' id='word_1_107' title='bbox 2159 1715 2294 1779; x_wconf 91' lang='lat' dir='ltr'>Cic.</span> <span class='ocrx_word' id='word_1_108' title='bbox 2338 1738 2470 1779; x_wconf 92' lang='lat' dir='ltr'>non</span> <span class='ocrx_word' id='word_1_109' title='bbox 2506 1720 2973 1779; x_wconf 87' lang='lat' dir='ltr'>transitionem</span> 
     </span>
     <span class='ocr_line' id='line_1_14' title="bbox 519 1803 2975 1890; baseline 0.001 -25"><span class='ocrx_word' id='word_1_110' title='bbox 519 1806 926 1880; x_wconf 88' lang='lat' dir='ltr'>adhibuisse,</span> <span class='ocrx_word' id='word_1_111' title='bbox 992 1824 1146 1868; x_wconf 90' lang='lat' dir='ltr'>cum</span> <span class='ocrx_word' id='word_1_112' title='bbox 1214 1808 1486 1886; x_wconf 89' lang='lat' dir='ltr'>saepius</span> <span class='ocrx_word' id='word_1_113' title='bbox 1551 1806 1728 1867; x_wconf 89' lang='lat' dir='ltr'>idem</span> <span class='ocrx_word' id='word_1_114' title='bbox 1797 1808 2102 1868; x_wconf 90' lang='lat' dir='ltr'>invenire</span> <span class='ocrx_word' id='word_1_115' title='bbox 2168 1808 2388 1887; x_wconf 92' lang='lat' dir='ltr'>possis</span> <span class='ocrx_word' id='word_1_116' title='bbox 2454 1804 2514 1890; x_wconf 63' lang='grc' dir='ltr'>(ξ</span> <span class='ocrx_word' id='word_1_117' title='bbox 2575 1810 2657 1870; x_wconf 89' lang='grc'>30</span> <span class='ocrx_word' id='word_1_118' title='bbox 2724 1803 2975 1887; x_wconf 87' lang='lat' dir='ltr'>„Cyrus</span> 
     </span>
     <span class='ocr_line' id='line_1_15' title="bbox 519 1893 2976 1978; baseline 0.001 -23"><span class='ocrx_word' id='word_1_119' title='bbox 519 1895 830 1974; x_wconf 82' lang='lat' dir='ltr'>quidem“</span> <span class='ocrx_word' id='word_1_120' title='bbox 881 1893 917 1978; x_wconf 62' lang='grc' dir='ltr'>ξ</span> <span class='ocrx_word' id='word_1_121' title='bbox 961 1898 1042 1956; x_wconf 84' lang='grc'>35</span> <span class='ocrx_word' id='word_1_122' title='bbox 1094 1895 1634 1970; x_wconf 88' lang='lat' dir='ltr'>,‚Resistendum,</span> <span class='ocrx_word' id='word_1_123' title='bbox 1681 1895 1870 1957; x_wconf 91' lang='lat' dir='ltr'>Laeli</span> <span class='ocrx_word' id='word_1_124' title='bbox 1918 1904 1991 1957; x_wconf 88' lang='lat' dir='ltr'>et</span> <span class='ocrx_word' id='word_1_125' title='bbox 2038 1894 2301 1977; x_wconf 89' lang='lat' dir='ltr'>Scipio“</span> <span class='ocrx_word' id='word_1_126' title='bbox 2353 1895 2438 1957; x_wconf 84' lang='lat' dir='ltr'>cf.</span> <span class='ocrx_word' id='word_1_127' title='bbox 2488 1896 2773 1957; x_wconf 90' lang='lat' dir='ltr'>Moorii</span> <span class='ocrx_word' id='word_1_128' title='bbox 2823 1896 2976 1958; x_wconf 83' lang='lat' dir='ltr'>adn.</span> 
     </span>
     <span class='ocr_line' id='line_1_16' title="bbox 520 1983 2976 2069; baseline 0.001 -25"><span class='ocrx_word' id='word_1_129' title='bbox 520 1985 624 2045; x_wconf 83' lang='lat' dir='ltr'>ad.</span> <span class='ocrx_word' id='word_1_130' title='bbox 673 1984 965 2064; x_wconf 69' lang='lat'>§21,2).</span> <span class='ocrx_word' id='word_1_131' title='bbox 1058 1983 1432 2045; x_wconf 89' lang='lat' dir='ltr'>Praeterea</span> <span class='ocrx_word' id='word_1_132' title='bbox 1481 1986 1857 2046; x_wconf 90' lang='lat' dir='ltr'>notandum</span> <span class='ocrx_word' id='word_1_133' title='bbox 1907 1994 2014 2046; x_wconf 90' lang='lat' dir='ltr'>est</span> <span class='ocrx_word' id='word_1_134' title='bbox 2060 1987 2191 2046; x_wconf 91' lang='lat' dir='ltr'>hoc</span> <span class='ocrx_word' id='word_1_135' title='bbox 2240 1986 2389 2047; x_wconf 92' lang='grc'>1000</span> <span class='ocrx_word' id='word_1_136' title='bbox 2439 1984 2544 2064; x_wconf 81' lang='lat' dir='ltr'>(cf.</span> <span class='ocrx_word' id='word_1_137' title='bbox 2595 1983 2747 2069; x_wconf 73' lang='lat'>§35</span> <span class='ocrx_word' id='word_1_138' title='bbox 2801 1986 2976 2047; x_wconf 90' lang='lat' dir='ltr'>med.</span> 
     </span>
     <span class='ocr_line' id='line_1_17' title="bbox 519 2070 2972 2156; baseline 0 -21"><span class='ocrx_word' id='word_1_139' title='bbox 519 2074 554 2153; x_wconf 66' lang='grc' dir='ltr'>ἓ</span> <span class='ocrx_word' id='word_1_140' title='bbox 605 2074 666 2151; x_wconf 82' lang='grc'>9)</span> <span class='ocrx_word' id='word_1_141' title='bbox 725 2070 1060 2136; x_wconf 90' lang='lat' dir='ltr'>Catonem</span> <span class='ocrx_word' id='word_1_142' title='bbox 1110 2093 1247 2147; x_wconf 84' lang='lat' dir='ltr'>eOS,</span> <span class='ocrx_word' id='word_1_143' title='bbox 1307 2076 1706 2154; x_wconf 89' lang='lat' dir='ltr'>quibuscum</span> <span class='ocrx_word' id='word_1_144' title='bbox 1759 2074 2181 2156; x_wconf 87' lang='lat' dir='ltr'>colloquitur,</span> <span class='ocrx_word' id='word_1_145' title='bbox 2232 2074 2495 2155; x_wconf 90' lang='lat' dir='ltr'>alloqui.</span> <span class='ocrx_word' id='word_1_146' title='bbox 2588 2074 2838 2136; x_wconf 91' lang='lat' dir='ltr'>Nescio</span> <span class='ocrx_word' id='word_1_147' title='bbox 2888 2095 2972 2135; x_wconf 91' lang='lat' dir='ltr'>an</span> 
     </span>
     <span class='ocr_line' id='line_1_18' title="bbox 519 2159 2975 2225; baseline 0.001 -2"><span class='ocrx_word' id='word_1_148' title='bbox 519 2159 654 2225; x_wconf 83' lang='lat' dir='ltr'>Cic.</span> <span class='ocrx_word' id='word_1_149' title='bbox 708 2162 836 2223; x_wconf 93' lang='lat' dir='ltr'>hac</span> <span class='ocrx_word' id='word_1_150' title='bbox 903 2165 1168 2224; x_wconf 91' lang='lat' dir='ltr'>ratione</span> <span class='ocrx_word' id='word_1_151' title='bbox 1237 2183 1574 2225; x_wconf 83' lang='lat' dir='ltr'>conexum</span> <span class='ocrx_word' id='word_1_152' title='bbox 1647 2184 1779 2224; x_wconf 91' lang='lat' dir='ltr'>non</span> <span class='ocrx_word' id='word_1_153' title='bbox 1848 2166 1945 2225; x_wconf 91' lang='lat' dir='ltr'>ita</span> <span class='ocrx_word' id='word_1_154' title='bbox 2002 2173 2222 2225; x_wconf 88' lang='lat' dir='ltr'>artum</span> <span class='ocrx_word' id='word_1_155' title='bbox 2291 2164 2603 2225; x_wconf 90' lang='lat' dir='ltr'>occulere</span> <span class='ocrx_word' id='word_1_156' title='bbox 2672 2163 2975 2225; x_wconf 91' lang='lat' dir='ltr'>voluerit.</span> 
     </span>
     <span class='ocr_line' id='line_1_19' title="bbox 520 2250 2974 2336; baseline 0 -24"><span class='ocrx_word' id='word_1_157' title='bbox 520 2250 730 2313; x_wconf 90' lang='lat' dir='ltr'>Simul</span> <span class='ocrx_word' id='word_1_158' title='bbox 780 2273 869 2313; x_wconf 85' lang='lat' dir='ltr'>ex</span> <span class='ocrx_word' id='word_1_159' title='bbox 923 2252 1032 2313; x_wconf 91' lang='lat' dir='ltr'>illo</span> <span class='ocrx_word' id='word_1_160' title='bbox 1094 2254 1331 2313; x_wconf 89' lang='lat' dir='ltr'>harum</span> <span class='ocrx_word' id='word_1_161' title='bbox 1400 2250 1477 2336; x_wconf 57' lang='grc' dir='ltr'>ἐξ</span> <span class='ocrx_word' id='word_1_162' title='bbox 1529 2272 1799 2314; x_wconf 84' lang='grc' dir='ltr'>000οΧ0</span> <span class='ocrx_word' id='word_1_163' title='bbox 1858 2273 2064 2333; x_wconf 90' lang='lat' dir='ltr'>supra</span> <span class='ocrx_word' id='word_1_164' title='bbox 2128 2255 2443 2333; x_wconf 83' lang='lat' dir='ltr'>exposito</span> <span class='ocrx_word' id='word_1_165' title='bbox 2502 2262 2713 2333; x_wconf 88' lang='lat' dir='ltr'>patet,</span> <span class='ocrx_word' id='word_1_166' title='bbox 2762 2272 2974 2333; x_wconf 88' lang='lat' dir='ltr'>quare</span> 
     </span>
     <span class='ocr_line' id='line_1_20' title="bbox 516 2338 2976 2426; baseline -0 -23"><span class='ocrx_word' id='word_1_167' title='bbox 516 2339 652 2403; x_wconf 89' lang='lat' dir='ltr'>Cio.</span> <span class='ocrx_word' id='word_1_168' title='bbox 699 2343 764 2402; x_wconf 92' lang='lat' dir='ltr'>in</span> <span class='ocrx_word' id='word_1_169' title='bbox 817 2338 972 2424; x_wconf 75' lang='lat'>§33</span> <span class='ocrx_word' id='word_1_170' title='bbox 1024 2362 1114 2403; x_wconf 81' lang='lat' dir='ltr'>ex</span> <span class='ocrx_word' id='word_1_171' title='bbox 1160 2350 1358 2421; x_wconf 89' lang='lat' dir='ltr'>parte</span> <span class='ocrx_word' id='word_1_172' title='bbox 1409 2342 1646 2403; x_wconf 90' lang='lat' dir='ltr'>eadem</span> <span class='ocrx_word' id='word_1_173' title='bbox 1704 2351 1912 2422; x_wconf 89' lang='lat' dir='ltr'>atque</span> <span class='ocrx_word' id='word_1_174' title='bbox 1960 2345 2023 2403; x_wconf 92' lang='lat' dir='ltr'>in</span> <span class='ocrx_word' id='word_1_175' title='bbox 2076 2340 2229 2426; x_wconf 73' lang='lat'>§27</span> <span class='ocrx_word' id='word_1_176' title='bbox 2284 2344 2746 2422; x_wconf 86' lang='lat' dir='ltr'>disputaverit.</span> <span class='ocrx_word' id='word_1_177' title='bbox 2825 2339 2976 2419; x_wconf 78' lang='lat' dir='ltr'>Qua</span> 
     </span>
     <span class='ocr_line' id='line_1_21' title="bbox 516 2430 2976 2513; baseline 0 -23"><span class='ocrx_word' id='word_1_178' title='bbox 516 2433 927 2510; x_wconf 89' lang='lat' dir='ltr'>repetitione</span> <span class='ocrx_word' id='word_1_179' title='bbox 964 2432 1168 2493; x_wconf 90' lang='lat' dir='ltr'>etiam</span> <span class='ocrx_word' id='word_1_180' title='bbox 1206 2433 1424 2491; x_wconf 88' lang='lat' dir='ltr'>minus</span> <span class='ocrx_word' id='word_1_181' title='bbox 1458 2431 1882 2504; x_wconf 84' lang='lat' dir='ltr'>offendimur,</span> <span class='ocrx_word' id='word_1_182' title='bbox 1914 2452 2069 2492; x_wconf 88' lang='lat' dir='ltr'>cum</span> <span class='ocrx_word' id='word_1_183' title='bbox 2106 2433 2334 2493; x_wconf 88' lang='lat' dir='ltr'>in.hac</span> <span class='ocrx_word' id='word_1_184' title='bbox 2370 2452 2646 2513; x_wconf 90' lang='lat' dir='ltr'>quoque</span> <span class='ocrx_word' id='word_1_185' title='bbox 2675 2441 2872 2511; x_wconf 91' lang='lat' dir='ltr'>parte</span> <span class='ocrx_word' id='word_1_186' title='bbox 2897 2430 2976 2492; x_wconf 91' lang='lat' dir='ltr'>II.</span> 
     </span>
     <span class='ocr_line' id='line_1_22' title="bbox 517 2518 2973 2603; baseline 0 -23"><span class='ocrx_word' id='word_1_187' title='bbox 517 2521 782 2581; x_wconf 91' lang='lat' dir='ltr'>duobus</span> <span class='ocrx_word' id='word_1_188' title='bbox 832 2520 974 2581; x_wconf 90' lang='lat' dir='ltr'>aliis</span> <span class='ocrx_word' id='word_1_189' title='bbox 1023 2520 1186 2582; x_wconf 89' lang='lat' dir='ltr'>locis</span> <span class='ocrx_word' id='word_1_190' title='bbox 1234 2522 1320 2599; x_wconf 81' lang='lat' dir='ltr'>(in</span> <span class='ocrx_word' id='word_1_191' title='bbox 1364 2518 1443 2603; x_wconf 55' lang='grc' dir='ltr'>ἐξ</span> <span class='ocrx_word' id='word_1_192' title='bbox 1480 2524 1581 2582; x_wconf 77' lang='lat'>32.</span> <span class='ocrx_word' id='word_1_193' title='bbox 1631 2525 1713 2583; x_wconf 87' lang='grc'>38</span> <span class='ocrx_word' id='word_1_194' title='bbox 1763 2522 1993 2581; x_wconf 92' lang='lat' dir='ltr'>similis</span> <span class='ocrx_word' id='word_1_195' title='bbox 2041 2524 2399 2595; x_wconf 87' lang='lat' dir='ltr'>sententia,</span> <span class='ocrx_word' id='word_1_196' title='bbox 2447 2518 2724 2582; x_wconf 91' lang='lat' dir='ltr'>Catonis</span> <span class='ocrx_word' id='word_1_197' title='bbox 2774 2521 2859 2581; x_wconf 92' lang='lat' dir='ltr'>de</span> <span class='ocrx_word' id='word_1_198' title='bbox 2900 2540 2973 2580; x_wconf 92' lang='lat' dir='ltr'>se</span> 
     </span>
     <span class='ocr_line' id='line_1_23' title="bbox 517 2606 2974 2691; baseline 0 -23"><span class='ocrx_word' id='word_1_199' title='bbox 517 2606 662 2690; x_wconf 90' lang='lat' dir='ltr'>ipse</span> <span class='ocrx_word' id='word_1_200' title='bbox 732 2609 874 2670; x_wconf 90' lang='lat' dir='ltr'>laus</span> <span class='ocrx_word' id='word_1_201' title='bbox 952 2609 1036 2672; x_wconf 90' lang='lat' dir='ltr'>cf.</span> <span class='ocrx_word' id='word_1_202' title='bbox 1102 2630 1166 2691; x_wconf 90' lang='lat' dir='ltr'>p.</span> <span class='ocrx_word' id='word_1_203' title='bbox 1218 2613 1323 2687; x_wconf 82' lang='lat'>20)</span> <span class='ocrx_word' id='word_1_204' title='bbox 1403 2611 1803 2671; x_wconf 86' lang='lat' dir='ltr'>iterationes</span> <span class='ocrx_word' id='word_1_205' title='bbox 1879 2612 2320 2672; x_wconf 76' lang='lat' dir='ltr'>inveniamus,</span> <span class='ocrx_word' id='word_1_206' title='bbox 2433 2610 2680 2689; x_wconf 91' lang='lat' dir='ltr'>Neque</span> <span class='ocrx_word' id='word_1_207' title='bbox 2754 2612 2974 2689; x_wconf 89' lang='lat' dir='ltr'>magis</span> 
     </span>
     <span class='ocr_line' id='line_1_24' title="bbox 516 2695 2972 2783; baseline 0 -24"><span class='ocrx_word' id='word_1_208' title='bbox 516 2699 877 2760; x_wconf 89' lang='lat' dir='ltr'>haeremus</span> <span class='ocrx_word' id='word_1_209' title='bbox 919 2700 984 2761; x_wconf 92' lang='lat' dir='ltr'>in</span> <span class='ocrx_word' id='word_1_210' title='bbox 1027 2702 1424 2780; x_wconf 80' lang='lat' dir='ltr'>egressione</span> <span class='ocrx_word' id='word_1_211' title='bbox 1457 2700 1494 2780; x_wconf 67' lang='grc' dir='ltr'><strong>ξ</strong></span> <span class='ocrx_word' id='word_1_212' title='bbox 1529 2702 1630 2772; x_wconf 87' lang='grc'>31,</span> <span class='ocrx_word' id='word_1_213' title='bbox 1668 2720 1819 2762; x_wconf 86' lang='grc' dir='ltr'>0οῐ0</span> <span class='ocrx_word' id='word_1_214' title='bbox 1858 2700 2223 2762; x_wconf 87' lang='lat' dir='ltr'>viderimus</span> <span class='ocrx_word' id='word_1_215' title='bbox 2258 2698 2367 2783; x_wconf 82' lang='lat' dir='ltr'>(cf.</span> <span class='ocrx_word' id='word_1_216' title='bbox 2399 2720 2459 2780; x_wconf 90' lang='lat' dir='ltr'>p.</span> <span class='ocrx_word' id='word_1_217' title='bbox 2495 2702 2601 2779; x_wconf 86' lang='grc'>18)</span> <span class='ocrx_word' id='word_1_218' title='bbox 2639 2695 2972 2761; x_wconf 89' lang='lat' dir='ltr'>Catonem</span> 
     </span>
     <span class='ocr_line' id='line_1_25' title="bbox 517 2787 2975 2873; baseline 0 -25"><span class='ocrx_word' id='word_1_219' title='bbox 517 2791 724 2849; x_wconf 90' lang='lat' dir='ltr'>etiam</span> <span class='ocrx_word' id='word_1_220' title='bbox 774 2792 838 2849; x_wconf 90' lang='lat' dir='ltr'>in</span> <span class='ocrx_word' id='word_1_221' title='bbox 891 2787 927 2873; x_wconf 63' lang='grc' dir='ltr'>ξ</span> <span class='ocrx_word' id='word_1_222' title='bbox 979 2792 1061 2851; x_wconf 89' lang='grc'>38</span> <span class='ocrx_word' id='word_1_223' title='bbox 1116 2790 1366 2870; x_wconf 91' lang='lat' dir='ltr'>aliquid</span> <span class='ocrx_word' id='word_1_224' title='bbox 1423 2811 1462 2850; x_wconf 93' lang='lat' dir='ltr'>a</span> <span class='ocrx_word' id='word_1_225' title='bbox 1510 2793 1864 2871; x_wconf 91' lang='lat' dir='ltr'>proposito</span> <span class='ocrx_word' id='word_1_226' title='bbox 1924 2791 2260 2852; x_wconf 90' lang='lat' dir='ltr'>aberrare.</span> <span class='ocrx_word' id='word_1_227' title='bbox 2350 2789 2593 2870; x_wconf 85' lang='lat' dir='ltr'>Itaque</span> <span class='ocrx_word' id='word_1_228' title='bbox 2646 2790 2804 2850; x_wconf 90' lang='lat' dir='ltr'>nihil</span> <span class='ocrx_word' id='word_1_229' title='bbox 2854 2798 2975 2862; x_wconf 89' lang='lat' dir='ltr'>est,</span> 
     </span>
     <span class='ocr_line' id='line_1_26' title="bbox 517 2875 2975 2962; baseline 0.001 -24"><span class='ocrx_word' id='word_1_230' title='bbox 517 2897 638 2938; x_wconf 91' lang='lat' dir='ltr'>cur</span> <span class='ocrx_word' id='word_1_231' title='bbox 686 2875 764 2962; x_wconf 57' lang='grc' dir='ltr'>ἐξ</span> <span class='ocrx_word' id='word_1_232' title='bbox 815 2881 899 2940; x_wconf 90' lang='lat' dir='ltr'>ab</span> <span class='ocrx_word' id='word_1_233' title='bbox 952 2877 1214 2941; x_wconf 88' lang='lat' dir='ltr'>Ottone</span> <span class='ocrx_word' id='word_1_234' title='bbox 1264 2878 1683 2959; x_wconf 88' lang='lat' dir='ltr'>significatas</span> <span class='ocrx_word' id='word_1_235' title='bbox 1732 2888 1976 2960; x_wconf 89' lang='lat' dir='ltr'>postea</span> <span class='ocrx_word' id='word_1_236' title='bbox 2023 2880 2395 2941; x_wconf 91' lang='lat' dir='ltr'>inculcatas</span> <span class='ocrx_word' id='word_1_237' title='bbox 2442 2898 2595 2940; x_wconf 91' lang='lat' dir='ltr'>esse</span> <span class='ocrx_word' id='word_1_238' title='bbox 2638 2891 2975 2959; x_wconf 70' lang='lat' dir='ltr'>putemus</span> 
     </span>
    </p>

    <p class='ocr_par' dir='ltr' id='par_1_3' title="bbox 513 2963 3001 4388">
     <span class='ocr_line' id='line_1_27' title="bbox 695 2963 2976 3049; baseline 0 -21"><span class='ocrx_word' id='word_1_239' title='bbox 695 2967 1226 3049; x_wconf 85' lang='lat' dir='ltr'>Neglegendum</span> <span class='ocrx_word' id='word_1_240' title='bbox 1265 2988 1400 3029; x_wconf 94' lang='lat' dir='ltr'>non</span> <span class='ocrx_word' id='word_1_241' title='bbox 1438 2963 1544 3029; x_wconf 88' lang='lat' dir='ltr'>est</span> <span class='ocrx_word' id='word_1_242' title='bbox 1576 2968 1887 3030; x_wconf 91' lang='lat' dir='ltr'>consulto</span> <span class='ocrx_word' id='word_1_243' title='bbox 1924 2979 2132 3048; x_wconf 89' lang='lat' dir='ltr'>atque</span> <span class='ocrx_word' id='word_1_244' title='bbox 2160 2988 2412 3048; x_wconf 87' lang='lat' dir='ltr'>magna</span> <span class='ocrx_word' id='word_1_245' title='bbox 2438 2988 2586 3029; x_wconf 91' lang='lat' dir='ltr'>cum</span> <span class='ocrx_word' id='word_1_246' title='bbox 2614 2969 2976 3047; x_wconf 90' lang='lat' dir='ltr'>prudentia</span> 
     </span>
     <span class='ocr_line' id='line_1_28' title="bbox 518 3054 2973 3138; baseline -0 -20"><span class='ocrx_word' id='word_1_247' title='bbox 518 3054 650 3118; x_wconf 85' lang='lat' dir='ltr'>Cic.</span> <span class='ocrx_word' id='word_1_248' title='bbox 703 3056 947 3118; x_wconf 83' lang='lat' dir='ltr'>afferre</span> <span class='ocrx_word' id='word_1_249' title='bbox 997 3057 1278 3118; x_wconf 90' lang='lat' dir='ltr'>alteram</span> <span class='ocrx_word' id='word_1_250' title='bbox 1331 3059 1707 3118; x_wconf 86' lang='lat' dir='ltr'>senectutis</span> <span class='ocrx_word' id='word_1_251' title='bbox 1755 3059 2324 3138; x_wconf 85' lang='lat' dir='ltr'>vituperationem</span> <span class='ocrx_word' id='word_1_252' title='bbox 2379 3076 2512 3117; x_wconf 94' lang='lat' dir='ltr'>non</span> <span class='ocrx_word' id='word_1_253' title='bbox 2558 3059 2771 3136; x_wconf 89' lang='lat' dir='ltr'>primo</span> <span class='ocrx_word' id='word_1_254' title='bbox 2806 3057 2973 3129; x_wconf 96' lang='grc'>1000,</span> 
     </span>
     <span class='ocr_line' id='line_1_29' title="bbox 519 3144 2972 3226; baseline -0 -19"><span class='ocrx_word' id='word_1_255' title='bbox 519 3166 930 3226; x_wconf 90' lang='lat' dir='ltr'>quamquam</span> <span class='ocrx_word' id='word_1_256' title='bbox 1005 3149 1059 3206; x_wconf 93' lang='lat' dir='ltr'>si</span> <span class='ocrx_word' id='word_1_257' title='bbox 1127 3154 1344 3206; x_wconf 91' lang='lat' dir='ltr'>artem</span> <span class='ocrx_word' id='word_1_258' title='bbox 1427 3146 1715 3226; x_wconf 87' lang='lat' dir='ltr'>logicam</span> <span class='ocrx_word' id='word_1_259' title='bbox 1787 3147 2145 3218; x_wconf 82' lang='lat' dir='ltr'>adhibeaS,</span> <span class='ocrx_word' id='word_1_260' title='bbox 2225 3146 2463 3206; x_wconf 88' lang='lat' dir='ltr'>debuit</span> <span class='ocrx_word' id='word_1_261' title='bbox 2538 3147 2756 3224; x_wconf 90' lang='lat' dir='ltr'>primo</span> <span class='ocrx_word' id='word_1_262' title='bbox 2822 3144 2972 3206; x_wconf 94' lang='grc'>1000</span> 
     </span>
     <span class='ocr_line' id='line_1_30' title="bbox 515 3235 2973 3316; baseline 0.001 -21"><span class='ocrx_word' id='word_1_263' title='bbox 515 3236 837 3305; x_wconf 86' lang='lat' dir='ltr'>refutare,</span> <span class='ocrx_word' id='word_1_264' title='bbox 863 3256 1075 3316; x_wconf 89' lang='lat' dir='ltr'>quare</span> <span class='ocrx_word' id='word_1_265' title='bbox 1099 3243 1344 3297; x_wconf 92' lang='lat' dir='ltr'>coacta</span> <span class='ocrx_word' id='word_1_266' title='bbox 1373 3256 1448 3309; x_wconf 91' lang='lat' dir='ltr'>„a</span> <span class='ocrx_word' id='word_1_267' title='bbox 1466 3237 1674 3296; x_wconf 92' lang='lat' dir='ltr'>rebus</span> <span class='ocrx_word' id='word_1_268' title='bbox 1705 3236 2032 3316; x_wconf 90' lang='lat' dir='ltr'>gerendis</span> <span class='ocrx_word' id='word_1_269' title='bbox 2064 3235 2578 3296; x_wconf 86' lang='lat' dir='ltr'>abstraheretur</span> <span class='ocrx_word' id='word_1_270' title='bbox 2601 3241 2973 3298; x_wconf 84' lang='lat' dir='ltr'>senectus“.</span> 
     </span>
     <span class='ocr_line' id='line_1_31' title="bbox 513 3323 2973 3406; baseline -0.001 -21"><span class='ocrx_word' id='word_1_271' title='bbox 513 3324 743 3386; x_wconf 89' lang='lat' dir='ltr'>Prima</span> <span class='ocrx_word' id='word_1_272' title='bbox 789 3327 967 3386; x_wconf 89' lang='lat' dir='ltr'>enim</span> <span class='ocrx_word' id='word_1_273' title='bbox 1019 3327 1083 3385; x_wconf 92' lang='lat' dir='ltr'>in</span> <span class='ocrx_word' id='word_1_274' title='bbox 1134 3334 1332 3406; x_wconf 91' lang='lat' dir='ltr'>parte</span> <span class='ocrx_word' id='word_1_275' title='bbox 1383 3323 1543 3386; x_wconf 93' lang='lat' dir='ltr'>nihil</span> <span class='ocrx_word' id='word_1_276' title='bbox 1605 3326 1688 3385; x_wconf 93' lang='lat' dir='ltr'>de</span> <span class='ocrx_word' id='word_1_277' title='bbox 1738 3326 2044 3404; x_wconf 90' lang='lat' dir='ltr'>corporis</span> <span class='ocrx_word' id='word_1_278' title='bbox 2101 3325 2353 3386; x_wconf 90' lang='lat' dir='ltr'>viribus</span> <span class='ocrx_word' id='word_1_279' title='bbox 2418 3325 2598 3384; x_wconf 90' lang='lat' dir='ltr'>senis</span> <span class='ocrx_word' id='word_1_280' title='bbox 2657 3323 2973 3404; x_wconf 86' lang='lat' dir='ltr'>disputat,</span> 
     </span>
     <span class='ocr_line' id='line_1_32' title="bbox 518 3413 2977 3493; baseline -0 -19"><span class='ocrx_word' id='word_1_281' title='bbox 518 3433 669 3474; x_wconf 91' lang='lat' dir='ltr'>cum</span> <span class='ocrx_word' id='word_1_282' title='bbox 721 3416 850 3476; x_wconf 89' lang='lat' dir='ltr'>hac</span> <span class='ocrx_word' id='word_1_283' title='bbox 898 3417 963 3476; x_wconf 92' lang='lat' dir='ltr'>in</span> <span class='ocrx_word' id='word_1_284' title='bbox 1014 3436 1087 3477; x_wconf 88' lang='lat' dir='ltr'>re</span> <span class='ocrx_word' id='word_1_285' title='bbox 1139 3416 1528 3477; x_wconf 90' lang='lat' dir='ltr'>adversario</span> <span class='ocrx_word' id='word_1_286' title='bbox 1588 3414 1891 3476; x_wconf 91' lang='lat' dir='ltr'>nonnihil</span> <span class='ocrx_word' id='word_1_287' title='bbox 1948 3416 2200 3476; x_wconf 87' lang='lat' dir='ltr'>cedere</span> <span class='ocrx_word' id='word_1_288' title='bbox 2260 3414 2598 3485; x_wconf 89' lang='lat' dir='ltr'>debuerit,</span> <span class='ocrx_word' id='word_1_289' title='bbox 2663 3414 2731 3473; x_wconf 91' lang='lat' dir='ltr'>id</span> <span class='ocrx_word' id='word_1_290' title='bbox 2790 3413 2977 3493; x_wconf 92' lang='lat' dir='ltr'>quod</span> 
     </span>
     <span class='ocr_line' id='line_1_33' title="bbox 516 3501 2972 3587; baseline -0.001 -23"><span class='ocrx_word' id='word_1_291' title='bbox 516 3502 682 3564; x_wconf 84' lang='lat' dir='ltr'>facit</span> <span class='ocrx_word' id='word_1_292' title='bbox 744 3525 820 3565; x_wconf 91' lang='lat' dir='ltr'>re</span> <span class='ocrx_word' id='word_1_293' title='bbox 885 3525 1053 3566; x_wconf 87' lang='lat' dir='ltr'>vera</span> <span class='ocrx_word' id='word_1_294' title='bbox 1118 3506 1183 3565; x_wconf 92' lang='lat' dir='ltr'>in</span> <span class='ocrx_word' id='word_1_295' title='bbox 1243 3501 1280 3587; x_wconf 64' lang='grc' dir='ltr'>ξ</span> <span class='ocrx_word' id='word_1_296' title='bbox 1336 3507 1557 3585; x_wconf 89' lang='lat' dir='ltr'>33sq..</span> <span class='ocrx_word' id='word_1_297' title='bbox 1648 3504 1913 3565; x_wconf 91' lang='lat' dir='ltr'>Primo</span> <span class='ocrx_word' id='word_1_298' title='bbox 1980 3505 2348 3585; x_wconf 85' lang='lat' dir='ltr'>opprobrio</span> <span class='ocrx_word' id='word_1_299' title='bbox 2414 3501 2617 3584; x_wconf 91' lang='lat' dir='ltr'>plane</span> <span class='ocrx_word' id='word_1_300' title='bbox 2673 3501 2972 3563; x_wconf 80' lang='lat' dir='ltr'>refutato</span> 
     </span>
     <span class='ocr_line' id='line_1_34' title="bbox 515 3587 2975 3674; baseline 0 -22"><span class='ocrx_word' id='word_1_301' title='bbox 515 3601 654 3653; x_wconf 91' lang='lat' dir='ltr'>tum</span> <span class='ocrx_word' id='word_1_302' title='bbox 729 3594 1001 3654; x_wconf 91' lang='lat' dir='ltr'>demum</span> <span class='ocrx_word' id='word_1_303' title='bbox 1076 3594 1160 3654; x_wconf 91' lang='lat' dir='ltr'>ad</span> <span class='ocrx_word' id='word_1_304' title='bbox 1226 3592 1290 3653; x_wconf 90' lang='grc' dir='ltr'>Π</span> <span class='ocrx_word' id='word_1_305' title='bbox 1345 3595 1602 3654; x_wconf 90' lang='lat' dir='ltr'>crimen</span> <span class='ocrx_word' id='word_1_306' title='bbox 1659 3593 1867 3674; x_wconf 90' lang='lat' dir='ltr'>idque</span> <span class='ocrx_word' id='word_1_307' title='bbox 1934 3587 2211 3674; x_wconf 87' lang='lat' dir='ltr'>gravius</span> <span class='ocrx_word' id='word_1_308' title='bbox 2278 3589 2569 3663; x_wconf 90' lang='lat' dir='ltr'>accedit,</span> <span class='ocrx_word' id='word_1_309' title='bbox 2636 3593 2724 3652; x_wconf 90' lang='lat' dir='ltr'>ad</span> <span class='ocrx_word' id='word_1_310' title='bbox 2791 3591 2975 3670; x_wconf 93' lang='lat' dir='ltr'>quod</span> 
     </span>
     <span class='ocr_line' id='line_1_35' title="bbox 513 3680 2973 3751; baseline 0 -11"><span class='ocrx_word' id='word_1_311' title='bbox 513 3680 960 3741; x_wconf 81' lang='lat' dir='ltr'>refellendum</span> <span class='ocrx_word' id='word_1_312' title='bbox 1013 3682 1224 3742; x_wconf 90' lang='lat' dir='ltr'>multo</span> <span class='ocrx_word' id='word_1_313' title='bbox 1274 3684 1576 3743; x_wconf 85' lang='lat' dir='ltr'>cautiore</span> <span class='ocrx_word' id='word_1_314' title='bbox 1626 3683 1953 3743; x_wconf 91' lang='lat' dir='ltr'>methodo</span> <span class='ocrx_word' id='word_1_315' title='bbox 2006 3691 2232 3743; x_wconf 86' lang='lat' dir='ltr'>utatur</span> <span class='ocrx_word' id='word_1_316' title='bbox 2280 3701 2563 3742; x_wconf 89' lang='grc'>0000880</span> <span class='ocrx_word' id='word_1_317' title='bbox 2613 3689 2735 3751; x_wconf 81' lang='lat' dir='ltr'>est,</span> <span class='ocrx_word' id='word_1_318' title='bbox 2782 3681 2973 3742; x_wconf 85' lang='lat' dir='ltr'>vafre</span> 
     </span>
     <span class='ocr_line' id='line_1_36' title="bbox 516 3769 3001 3851; baseline 0 -23"><span class='ocrx_word' id='word_1_319' title='bbox 516 3771 608 3829; x_wconf 93' lang='lat' dir='ltr'>ita</span> <span class='ocrx_word' id='word_1_320' title='bbox 686 3769 1056 3848; x_wconf 83' lang='lat' dir='ltr'>disputanS,</span> <span class='ocrx_word' id='word_1_321' title='bbox 1134 3780 1221 3841; x_wconf 91' lang='lat' dir='ltr'>ut,</span> <span class='ocrx_word' id='word_1_322' title='bbox 1287 3779 1653 3850; x_wconf 91' lang='lat' dir='ltr'>postquam</span> <span class='ocrx_word' id='word_1_323' title='bbox 1725 3771 1858 3832; x_wconf 90' lang='lat' dir='ltr'>duo</span> <span class='ocrx_word' id='word_1_324' title='bbox 1927 3779 2355 3851; x_wconf 90' lang='lat' dir='ltr'>argumenta,</span> <span class='ocrx_word' id='word_1_325' title='bbox 2426 3770 2671 3850; x_wconf 90' lang='lat' dir='ltr'>quibus</span> <span class='ocrx_word' id='word_1_326' title='bbox 2738 3785 3001 3830; x_wconf 86' lang='lat' dir='ltr'>usurus</span> 
     </span>
     <span class='ocr_line' id='line_1_37' title="bbox 517 3858 2970 3939; baseline 0.001 -23"><span class='ocrx_word' id='word_1_327' title='bbox 517 3865 640 3927; x_wconf 90' lang='lat' dir='ltr'>est,</span> <span class='ocrx_word' id='word_1_328' title='bbox 687 3858 1028 3933; x_wconf 89' lang='lat' dir='ltr'>indicavit,</span> <span class='ocrx_word' id='word_1_329' title='bbox 1078 3859 1260 3918; x_wconf 90' lang='lat' dir='ltr'>dicat</span> <span class='ocrx_word' id='word_1_330' title='bbox 1310 3861 1594 3938; x_wconf 89' lang='lat' dir='ltr'>primum</span> <span class='ocrx_word' id='word_1_331' title='bbox 1647 3879 1851 3920; x_wconf 91' lang='lat' dir='ltr'>senes</span> <span class='ocrx_word' id='word_1_332' title='bbox 1896 3862 2101 3920; x_wconf 90' lang='lat' dir='ltr'>etiam</span> <span class='ocrx_word' id='word_1_333' title='bbox 2138 3861 2405 3939; x_wconf 82' lang='lat' dir='ltr'>exiguis</span> <span class='ocrx_word' id='word_1_334' title='bbox 2436 3859 2689 3919; x_wconf 89' lang='lat' dir='ltr'>viribus</span> <span class='ocrx_word' id='word_1_335' title='bbox 2724 3858 2970 3938; x_wconf 91' lang='lat' dir='ltr'>aliquid</span> 
     </span>
     <span class='ocr_line' id='line_1_38' title="bbox 517 3947 2971 4029; baseline 0 -23"><span class='ocrx_word' id='word_1_336' title='bbox 517 3967 729 4027; x_wconf 86' lang='lat' dir='ltr'>agere</span> <span class='ocrx_word' id='word_1_337' title='bbox 775 3967 997 4028; x_wconf 90' lang='lat' dir='ltr'>posse,</span> <span class='ocrx_word' id='word_1_338' title='bbox 1044 3947 1292 4008; x_wconf 90' lang='lat' dir='ltr'>deinde</span> <span class='ocrx_word' id='word_1_339' title='bbox 1327 3950 1600 4028; x_wconf 90' lang='lat' dir='ltr'>saepius</span> <span class='ocrx_word' id='word_1_340' title='bbox 1643 3948 1954 4008; x_wconf 89' lang='lat' dir='ltr'>homines</span> <span class='ocrx_word' id='word_1_341' title='bbox 1988 3956 2459 4029; x_wconf 88' lang='lat' dir='ltr'>temperantes</span> <span class='ocrx_word' id='word_1_342' title='bbox 2507 3949 2571 4008; x_wconf 92' lang='lat' dir='ltr'>in</span> <span class='ocrx_word' id='word_1_343' title='bbox 2612 3957 2971 4008; x_wconf 89' lang='lat' dir='ltr'>senectute</span> 
     </span>
     <span class='ocr_line' id='line_1_39' title="bbox 513 4037 2973 4117; baseline -0 -20"><span class='ocrx_word' id='word_1_344' title='bbox 513 4038 768 4098; x_wconf 90' lang='lat' dir='ltr'>viribus</span> <span class='ocrx_word' id='word_1_345' title='bbox 833 4039 925 4098; x_wconf 89' lang='lat' dir='ltr'>uti</span> <span class='ocrx_word' id='word_1_346' title='bbox 983 4039 1204 4110; x_wconf 86' lang='lat' dir='ltr'>boniS,</span> <span class='ocrx_word' id='word_1_347' title='bbox 1269 4045 1413 4097; x_wconf 91' lang='lat' dir='ltr'>tum</span> <span class='ocrx_word' id='word_1_348' title='bbox 1479 4056 1590 4097; x_wconf 92' lang='lat' dir='ltr'>res</span> <span class='ocrx_word' id='word_1_349' title='bbox 1654 4039 1924 4116; x_wconf 89' lang='lat' dir='ltr'>magnis</span> <span class='ocrx_word' id='word_1_350' title='bbox 1989 4039 2241 4098; x_wconf 88' lang='lat' dir='ltr'>viribus</span> <span class='ocrx_word' id='word_1_351' title='bbox 2306 4043 2545 4117; x_wconf 89' lang='lat' dir='ltr'>gestas</span> <span class='ocrx_word' id='word_1_352' title='bbox 2602 4056 2642 4096; x_wconf 90' lang='lat' dir='ltr'>a</span> <span class='ocrx_word' id='word_1_353' title='bbox 2696 4037 2973 4097; x_wconf 90' lang='lat' dir='ltr'>senibus</span> 
     </span>
     <span class='ocr_line' id='line_1_40' title="bbox 516 4125 2973 4207; baseline -0 -20"><span class='ocrx_word' id='word_1_354' title='bbox 516 4146 650 4187; x_wconf 91' lang='lat' dir='ltr'>non</span> <span class='ocrx_word' id='word_1_355' title='bbox 736 4129 1015 4207; x_wconf 90' lang='lat' dir='ltr'>requiri,</span> <span class='ocrx_word' id='word_1_356' title='bbox 1092 4128 1386 4206; x_wconf 90' lang='lat' dir='ltr'>denique</span> <span class='ocrx_word' id='word_1_357' title='bbox 1470 4135 1752 4188; x_wconf 91' lang='lat' dir='ltr'>coactus</span> <span class='ocrx_word' id='word_1_358' title='bbox 1829 4127 2197 4187; x_wconf 88' lang='lat' dir='ltr'>adversarii</span> <span class='ocrx_word' id='word_1_359' title='bbox 2265 4126 2652 4186; x_wconf 90' lang='lat' dir='ltr'>obiectione</span> <span class='ocrx_word' id='word_1_360' title='bbox 2717 4125 2973 4186; x_wconf 88' lang='lat' dir='ltr'>valetu-</span> 
     </span>
     <span class='ocr_line' id='line_1_41' title="bbox 516 4214 2973 4296; baseline -0 -20"><span class='ocrx_word' id='word_1_361' title='bbox 516 4216 744 4277; x_wconf 90' lang='lat' dir='ltr'>dinem</span> <span class='ocrx_word' id='word_1_362' title='bbox 813 4226 1089 4295; x_wconf 86' lang='lat' dir='ltr'>accuset</span> <span class='ocrx_word' id='word_1_363' title='bbox 1157 4224 1365 4296; x_wconf 90' lang='lat' dir='ltr'>atque</span> <span class='ocrx_word' id='word_1_364' title='bbox 1431 4216 1734 4296; x_wconf 83' lang='lat' dir='ltr'>refugiat</span> <span class='ocrx_word' id='word_1_365' title='bbox 1798 4216 1885 4276; x_wconf 94' lang='lat' dir='ltr'>ad</span> <span class='ocrx_word' id='word_1_366' title='bbox 1942 4215 2607 4296; x_wconf 89' lang='lat' dir='ltr'>argumentationem</span> <span class='ocrx_word' id='word_1_367' title='bbox 2666 4214 2973 4294; x_wconf 86' lang='lat' dir='ltr'>partis-I.</span> 
     </span>
     <span class='ocr_line' id='line_1_42' title="bbox 518 4303 2974 4388; baseline -0.002 -21"><span class='ocrx_word' id='word_1_368' title='bbox 518 4303 581 4388; x_wconf 62' lang='grc' dir='ltr'>(ξ</span> <span class='ocrx_word' id='word_1_369' title='bbox 633 4304 892 4387; x_wconf 61' lang='grc'>36138),</span> <span class='ocrx_word' id='word_1_370' title='bbox 959 4307 1264 4387; x_wconf 90' lang='lat' dir='ltr'>corporis</span> <span class='ocrx_word' id='word_1_371' title='bbox 1331 4307 1582 4367; x_wconf 87' lang='lat' dir='ltr'>viribus</span> <span class='ocrx_word' id='word_1_372' title='bbox 1651 4305 1861 4366; x_wconf 88' lang='lat' dir='ltr'>multo</span> <span class='ocrx_word' id='word_1_373' title='bbox 1931 4306 2151 4384; x_wconf 88' lang='lat' dir='ltr'>magis</span> <span class='ocrx_word' id='word_1_374' title='bbox 2214 4303 2441 4365; x_wconf 88' lang='lat' dir='ltr'>valere</span> <span class='ocrx_word' id='word_1_375' title='bbox 2507 4304 2686 4364; x_wconf 89' lang='lat' dir='ltr'>vires</span> <span class='ocrx_word' id='word_1_376' title='bbox 2754 4305 2974 4377; x_wconf 88' lang='lat' dir='ltr'>animi,</span> 
     </span>
    </p>
   </div>
   <div class='ocr_carea' id='block_1_3' title="bbox 513 4448 941 4457">
    <p class='ocr_par' dir='ltr' id='par_1_4' title="bbox 513 4448 941 4457">
     <span class='ocr_line' id='line_1_43' title="bbox 513 4448 941 4457; baseline 0 0"><span class='ocrx_word' id='word_1_377' title='bbox 513 4448 941 4457; x_wconf 95' lang='lat' dir='ltr'> </span> 
     </span>
    </p>
   </div>
   <div class='ocr_carea' id='block_1_4' title="bbox 515 4515 2973 4657">
    <p class='ocr_par' dir='ltr' id='par_1_5' title="bbox 515 4515 2973 4657">
     <span class='ocr_line' id='line_1_44' title="bbox 697 4515 2973 4585; baseline -0.001 -17"><span class='ocrx_word' id='word_1_378' title='bbox 697 4518 736 4585; x_wconf 88' lang='lat'>¹)</span> <span class='ocrx_word' id='word_1_379' title='bbox 774 4519 835 4568; x_wconf 88' lang='lat' dir='ltr'>In</span> <span class='ocrx_word' id='word_1_380' title='bbox 874 4517 906 4585; x_wconf 65' lang='grc' dir='ltr'>ξ</span> <span class='ocrx_word' id='word_1_381' title='bbox 933 4518 1003 4569; x_wconf 91' lang='grc'>60</span> <span class='ocrx_word' id='word_1_382' title='bbox 1041 4518 1392 4570; x_wconf 85' lang='lat' dir='ltr'>inveniemus</span> <span class='ocrx_word' id='word_1_383' title='bbox 1430 4518 1751 4585; x_wconf 88' lang='lat' dir='ltr'>exemplum</span> <span class='ocrx_word' id='word_1_384' title='bbox 1779 4517 2002 4568; x_wconf 82' lang='lat' dir='ltr'>allatum</span> <span class='ocrx_word' id='word_1_385' title='bbox 2041 4534 2074 4568; x_wconf 85' lang='lat' dir='ltr'>a</span> <span class='ocrx_word' id='word_1_386' title='bbox 2098 4517 2212 4569; x_wconf 88' lang='lat' dir='ltr'>Cic.</span> <span class='ocrx_word' id='word_1_387' title='bbox 2242 4533 2312 4568; x_wconf 87' lang='lat' dir='ltr'>ea</span> <span class='ocrx_word' id='word_1_388' title='bbox 2336 4521 2543 4578; x_wconf 88' lang='lat' dir='ltr'>mente,</span> <span class='ocrx_word' id='word_1_389' title='bbox 2582 4523 2643 4566; x_wconf 89' lang='lat' dir='ltr'>ut</span> <span class='ocrx_word' id='word_1_390' title='bbox 2669 4515 2973 4566; x_wconf 86' lang='lat' dir='ltr'>orationem</span> 
     </span>
     <span class='ocr_line' id='line_1_45' title="bbox 515 4589 1559 4657; baseline 0.001 -17"><span class='ocrx_word' id='word_1_391' title='bbox 515 4594 643 4656; x_wconf 81' lang='lat' dir='ltr'>apte</span> <span class='ocrx_word' id='word_1_392' title='bbox 683 4589 753 4640; x_wconf 85' lang='lat' dir='ltr'>ad</span> <span class='ocrx_word' id='word_1_393' title='bbox 792 4605 996 4640; x_wconf 85' lang='lat' dir='ltr'>novam</span> <span class='ocrx_word' id='word_1_394' title='bbox 1036 4595 1252 4657; x_wconf 86' lang='lat' dir='ltr'>partem</span> <span class='ocrx_word' id='word_1_395' title='bbox 1289 4590 1559 4641; x_wconf 82' lang='lat' dir='ltr'>traducat.</span> 
     </span>
    </p>
   </div>
  </div>
 </body>
</html>
