3584 5475
1442 566 1883 624 —47—

440 740 617 819 quod
668 738 776 799 illa
826 742 1037 801 verba
1084 742 1515 821 proverbium
1570 739 1989 803 Graecorum
2038 740 2244 802 fuisse
2280 755 2571 822 apparet
2604 763 2692 803 ex
2726 742 2888 804 locis

437 829 758 889 similibus
807 828 921 909 (cf.
957 826 1180 901 Otto,
1216 828 1346 891 Die
1381 830 1876 910 Sprichworter
1910 831 2033 891 der
2062 830 2341 905 Romer,
2396 834 2581 903 1890,
2630 850 2693 912 p.
2732 834 2887 913 316)
2957 820 2974 832 ⁹

439 916 848 979 Menecratis
907 917 1114 981 Samii
1171 918 1388 999 (Stob.
1419 918 1560 982 flor.
1601 921 1744 992 116,
1776 923 1856 980 27
1917 918 2160 997 Mein.),
2210 919 2542 1001 Euripidis
2608 921 2880 994 (ibidem

442 1009 580 1077 116,
616 1008 702 1087 6),
763 1006 1119 1069 Menandri
1177 1007 1352 1091 (116,
1385 1010 1472 1089 8).
1564 1006 1863 1071 Tantum
1923 1018 2196 1070 constat
2253 1012 2540 1089 primum
2594 1007 2728 1072 Cic.
2776 1010 2887 1071 illa

438 1098 645 1157 verba
713 1113 804 1157 ex
861 1096 1052 1158 fonte
1111 1094 1380 1161 Graeco
1438 1100 1826 1177 sumpsisse,
1886 1118 2037 1159 cum
2101 1098 2284 1178 apud
2334 1098 2689 1161 Romanos
2748 1119 2881 1161 non

435 1187 715 1266 reperiri
762 1186 1028 1265 possint
1075 1188 1200 1247 nisi
1245 1186 1378 1248 hoc
1426 1186 1594 1259 loco,
1644 1187 1893 1249 deinde
1944 1197 2291 1249 auctorem
2338 1186 2454 1251 Cic
2522 1188 2629 1249 illa
2670 1192 2883 1250 verba
2944 1186 2949 1189 ’

437 1283 810 1335 mutuatum
875 1295 1026 1336 esse
1085 1294 1125 1335 a
1179 1274 1414 1348 Bione‚
1471 1295 1625 1337 cum
1685 1296 1774 1337 ex
1831 1275 2073 1337 eodem
2138 1276 2347 1338 multa
2405 1276 2531 1338 alia
2580 1278 2882 1339 hausisse

437 1384 584 1424 eum
607 1364 1136 1425 demonstraturi
1151 1384 1376 1427 3111103
1423 1363 1955 1445 Neglegendum
1980 1386 2113 1428 non
2136 1377 2242 1427 est
2256 1365 2604 1427 stultitiam
2631 1386 2885 1440 eorum,

438 1454 546 1533 qui
603 1462 1035 1514 senectutem
1095 1464 1446 1527 accusent,
1501 1456 1871 1535 vituperari
1921 1474 2054 1517 non
2104 1454 2316 1517 solum
2370 1456 2501 1518 hoc
2548 1454 2716 1530 1000,
2762 1456 2883 1517 sed

436 1543 635 1603 etiam
683 1541 844 1620 aliis,
891 1543 1000 1604 ubi
1047 1540 1345 1604 Bioneus
1386 1543 1574 1605 color
1617 1563 1750 1607 non
1767 1528 2128 1605 invenitur
2161 1543 2271 1626 (cf.
2305 1564 2510 1626 supra
2542 1563 2606 1625 p.
2639 1546 2768 1627 46).
2803 1582 2884 1589 -

441 1628 701 1691 Hense
771 1632 830 1709 (.1
879 1633 961 1714 0.)
1027 1629 1260 1693 Bionis
1327 1634 1540 1694 verba
1599 1632 1719 1715 ,μὴ
1782 1632 1881 1695 δεῖ
1920 1633 2235 1707 ὀνειδίζειν
2280 1632 2350 1696 τὸ
2399 1640 2629 1717 γῆρας“
2690 1643 2881 1698 10010

435 1720 800 1801 explicavit
865 1741 952 1782 ex
1019 1719 1274 1782 Teletis
1341 1722 1510 1802 ,περὶ
1577 1722 1984 1802 αὐταρκείας“
2052 1722 2199 1783 libri
2264 1726 2493 1785 verbis
2574 1724 2662 1807 (p.
2715 1726 2773 1795 9,
2821 1724 2915 1805 1)-

435 1810 835 1891 ,παράφοροι
893 1810 962 1873 δὲ
1018 1809 1236 1873 πολλοὶ
1292 1811 1412 1892 οὐχ
1465 1812 1723 1882 ἑαυτοῖς,
1781 1810 1937 1873 ἀλλὰ
1990 1817 2115 1881 τοῖς
2163 1814 2487 1893 πράγμασι
2532 1812 2644 1894 τὴν
2688 1814 2886 1876 αἰτίαν

433 1897 783 1978 ἐπάγουσιν·
816 1899 854 1961 ὅ
883 1899 952 1961 δὲ
981 1898 1158 1962 Βίων
1185 1899 1311 1963 κτλ.
1347 1899 1460 1981 (cf.
1490 1920 1552 1980 p.
1575 1903 1632 1971 8,
1656 1902 1712 1961 6.
1769 1903 1865 1973 11,
1894 1903 1989 1963 10.
2040 1905 2136 1975 12,
2158 1902 2241 1982 5),
2276 1921 2425 1962 cum
2464 1902 2635 1963 haec
2671 1903 2883 1964 verba

435 1985 662 2049 Bionis
694 1988 1058 2050 similitudo
1091 1990 1567 2069 subsequatur.
1631 1988 1832 2051 Hanc
1854 2010 2129 2071 quoque
2151 1993 2563 2052 sententiam
2591 1991 2883 2071 legimus

433 2078 497 2136 in
547 2076 813 2139 Catone
864 2076 928 2162 (ξ
969 2076 1076 2160 14)
1126 2098 1280 2151 „sua
1329 2080 1506 2139 enim
1559 2080 1719 2140 vitia
1753 2081 2151 2160 insipientes
2184 2088 2475 2142 01303111
2513 2079 2777 2161 culpam
2816 2082 2880 2141 in

431 2174 858 2227 senectutem
883 2166 1300 2229 conferunt“.
1338 2165 1481 2229 Sed
1499 2170 1629 2228 iam
1649 2166 1918 2229 Hense
1942 2166 2882 2251 monuit(l.c.p.CXVIIIsq.),

433 2274 516 2315 ne
552 2255 1110 2317 oblivisceremur
1142 2258 1434 2318 eandem
1469 2259 1883 2318 senteutiam
1919 2257 2053 2337 legi
2094 2260 2157 2318 in
2195 2259 2422 2319 verbis
2456 2278 2544 2319 ex
2580 2256 2883 2320 Platonis

431 2344 525 2405 rei
583 2345 898 2425 publicae
957 2346 992 2407 1.
1047 2346 1078 2407 Ι
1124 2344 1189 2430 (ξ
1227 2349 1261 2406 7
1314 2348 1410 2419 ,,111
1464 2348 1762 2407 moribus
1822 2355 1927 2407 est
1983 2346 2199 2427 culpa,
2260 2367 2393 2408 non
2457 2350 2520 2408 in
2585 2347 2879 2428 aetate“)

440 2434 812 2506 translatiS‚
869 2453 1096 2515 neque
1155 2436 1331 2497 hanc
1382 2434 1851 2497 difficultatem
1901 2435 2127 2509 solvit,
2185 2455 2334 2497 cum
2389 2436 2752 2497 tractanda
2798 2439 2882 2497 sit

429 2523 542 2597 013,
609 2526 725 2603 qui
799 2526 1302 2605 „quaestionem
1374 2525 1460 2586 de
1517 2523 1823 2586 Tulliano
1889 2524 2229 2587 volumine
2296 2526 2451 2587 cum
2508 2525 2879 2606 pulvisculo

431 2613 828 2673 exhaurire“
886 2613 1113 2687 velint,
1172 2622 1242 2674 01
1299 2616 1506 2694 ipsius
1553 2614 1720 2675 illius
1767 2616 1998 2676 verbis
2050 2622 2215 2676 utar.
2308 2613 2584 2676 Revera
2634 2634 2724 2675 ex
2771 2614 2879 2677 illo

430 2699 596 2775 loco,
662 2722 797 2784 quo
866 2702 972 2764 illa
1037 2705 1377 2764 sententia
1436 2723 1473 2763 a
1532 2700 1664 2766 Cic,
1723 2706 1978 2765 inserta
2036 2713 2144 2765 est
2199 2725 2282 2766 ea
2342 2715 2600 2778 mente,
2663 2714 2733 2766 ut
2796 2706 2878 2768 ad

431 2788 851 2853 Graecorum
903 2793 1220 2873 exempla
1260 2793 1450 2854 Ennii
1487 2793 1873 2873 exemplum
1914 2803 2242 2855 annectat
2276 2792 2385 2876 (cf.
2417 2814 2624 2874 supra
2658 2814 2721 2874 p.
2759 2797 2881 2876 11),

431 2881 776 2943 diiudicari
821 2901 953 2943 non
1000 2891 1246 2961 potest,
1291 2902 1445 2943 num
1486 2879 1620 2944 Cic.
1654 2882 1831 2943 illam
1868 2885 2277 2944 sententiam
2318 2885 2525 2944 etiam
2560 2885 2881 2945 imitatori

430 2968 660 3031 Bionis
720 2971 1051 3031 debuerit.
1143 2971 1314 3032 Item
1375 2968 1412 3054 ξ
1457 2973 1558 3043 36,
1615 2973 1726 3032 ubi
1775 2968 2046 3032 Caecilii
2097 2991 2330 3033 versus
2378 2973 2625 3033 eodem
2678 2974 2879 3034 modo

430 3058 816 3120 refutantur
865 3060 1022 3120 nihil
1081 3061 1494 3132 adiuvamur,
1552 3079 1701 3121 cum
1764 3080 2002 3120 versus
2060 3059 2226 3120 illius
2283 3071 2533 3140 poetae
2582 3060 2880 3123 Romani

433 3167 519 3208 ex
569 3147 760 3209 fonte
811 3146 1080 3211 Graeco
1129 3148 1403 3210 fluxisse
1453 3149 1877 3211 contendere
1912 3169 2047 3210 non
2082 3151 2435 3228 possimus
2496 3148 2639 3212 Sed
2672 3153 2877 3211 etiam

428 3239 491 3297 in
542 3241 578 3318 ξ
621 3240 704 3300 65
756 3238 1046 3318 legimus
1095 3239 1302 3311 „haec
1352 3258 1610 3299 morum
1663 3240 1847 3310 vitia,
1905 3257 2036 3298 non
2088 3240 2515 3301 senectutis“.
2609 3237 2879 3320 Oppro·

428 3327 646 3386 brium
695 3329 1089 3399 301100111113,
1140 3328 1320 3407 quod
1371 3328 1478 3388 hic
1526 3329 1811 3400 inicitur,
1858 3326 2196 3389 refutatur
2234 3327 2409 3388 infra
2447 3328 2877 3390 similitudine

428 3417 607 3475 vitae
666 3435 816 3476 cum
878 3418 1036 3477 vino
1085 3418 1409 3478 instituta.
1513 3415 1714 3478 Hanc
1770 3418 2377 3496 comparationem,
2434 3436 2634 3498 quam
2699 3419 2877 3497 apud

426 3501 560 3565 Cic.
629 3505 808 3565 nullo
877 3505 1004 3566 3110
1066 3505 1214 3566 1000
1275 3507 1671 3579 invenimus,
1728 3506 1813 3566 ad
1876 3517 2227 3567 auctorem
2285 3505 2494 3567 fontis
2549 3526 2876 3568 revocare

428 3611 807 3673 possumuS,
857 3613 1009 3655 cum
1061 3602 1333 3655 constet
1381 3597 1725 3675 proprium
1779 3614 1933 3656 0330
1968 3595 2337 3675 praecipue
2373 3594 2621 3670 Bionis,
2672 3615 2874 3676 quem

427 3682 530 3743 ille
579 3685 895 3756 imitatur,
942 3684 1322 3744 sententias
1369 3684 1915 3744 similitudinibus
1962 3683 2310 3745 illustrare.
2370 3682 2742 3746 Praeterea
2778 3706 2877 3758 ea,

427 3790 603 3850 quae
653 3785 897 3853 postea
946 3772 1032 3833 de
1082 3774 1364 3833 avaritia
1413 3774 1744 3844 dicuntur,
1793 3781 1864 3832 et
1902 3770 2307 3852 Cynicorum
2351 3775 2757 3854 sapientiam
2809 3784 2877 3834 et

426 3858 656 3921 Bionis
716 3861 1080 3922 dictionem
1147 3863 1358 3941 quasi.
1393 3863 1741 3941 resipiunt.
1835 3860 2076 3940 Itaque
2135 3863 2335 3922 etiam
2398 3862 2612 3922 verba
2670 3863 2877 3934 „haec

426 3969 684 4011 morum
726 3952 883 4011 vitia
917 3958 1092 4024 sunt,
1127 3970 1261 4012 non
1295 3952 1705 4011 senectutis“
1740 3951 1826 4011 ad
1862 3949 2121 4011 fontem
2148 3970 2478 4012 revocare
2498 3969 2876 4030 possumus,

427 4035 619 4116 Quae
678 4059 832 4100 cum
892 4040 986 4099 ita
1044 4040 1195 4111 sint,
1254 4059 1379 4119 pro
1430 4047 1622 4100 certo
1672 4039 1912 4099 haberi
1957 4046 2192 4118 potest
2237 4041 2651 4101 sententiam
2699 4039 2874 4100 illam

424 4127 460 4206 ξ
500 4131 578 4189 14
628 4131 755 4188 13111
811 4130 874 4189 111
925 4127 1116 4188 fonte
1167 4125 1434 4189 Graeco
1485 4129 1847 4199 exstitisse,
1894 4129 2294 4210 praesertim
2335 4147 2487 4189 cum
2525 4129 2609 4189 ad
2645 4127 2877 4189 Bionis

426 4219 639 4278 verba
699 4219 918 4297 magis
967 4217 1258 4277 accedat
1306 4236 1507 4297 quam
1559 4216 1645 4277 ad
1694 4215 1915 4277 locum
1962 4215 2267 4277 Platonis
2326 4215 2547 4297 (,,αἶτιά
2594 4217 2752 4279 ἐστὶν
2800 4218 2877 4279 οὐ

423 4305 492 4367 τὸ
534 4312 749 4388 γῆρας,
798 4304 951 4367 ἀλλὰ
990 4305 1026 4367 ὁ
1056 4305 1291 4386 τρόπος
1320 4310 1448 4367 τῶν
1479 4305 1933 4386 ἀνθρώπων“).
1994 4303 2252 4366 11010111
2289 4307 2599 4367 videmus
2630 4307 2872 4368 eodem

427 4396 628 4456 modo
679 4402 886 4476 atque
936 4397 1160 4475 priore
1211 4394 1360 4455 loco
1394 4393 1654 4455 Bioneo
1705 4393 1934 4455 colore
1983 4396 2199 4455 tincto
2248 4392 2339 4476 (p.
2369 4393 2483 4476 46)
2542 4395 2673 4456 hoc
2725 4395 2875 4457 loco

423 4485 794 4563 vituperari
820 4485 1233 4563 insipientes,
1254 4521 1322 4527 —
1342 4482 1553 4544 Porro
1577 4492 1650 4543 et
1669 4483 1851 4563 apud
1873 4481 2184 4544 Teletem
2209 4486 2293 4563 (p.
2316 4486 2418 4558 50,
2441 4487 2497 4545 5.
2528 4486 2633 4556 42,
2661 4486 2689 4544 1
2705 4486 2736 4545 1
2763 4483 2874 4566 Η.)

423 4580 494 4632 et
553 4574 732 4652 apud
793 4571 926 4634 Cic.
984 4571 1050 4654 (ξ
1082 4576 1124 4632 4
1172 4572 1338 4654 init.)
1397 4571 1688 4651 legimus
1743 4573 2121 4633 senectutis
2178 4591 2332 4633 cum
2383 4592 2593 4634 onere
2643 4574 2876 4634 Aetna
