3584 5475
1382 1388 1701 1467 Tabula
1756 1389 2260 1486 argumenti.
2360 1423 2383 1446 ·

601 1566 767 1629 Pars
806 1568 860 1629 l:
911 1567 1018 1628 De
1068 1568 1561 1647 compositione
1605 1564 1885 1629 Catonis
1929 1568 2200 1627 maioris
2275 1611 2819 1626 .......

671 1655 761 1707 De
800 1654 1093 1707 sententiis
1131 1654 1368 1705 virorum
1409 1654 1696 1721 doctorum
1738 1668 1948 1715 eorum,
1988 1653 2078 1720 qui
2120 1653 2225 1705 hac
2264 1654 2337 1706 de
2375 1670 2435 1709 re
2474 1660 2712 1723 eger-unt

671 1726 760 1778 De
800 1726 914 1778 Cic.
955 1725 1250 1793 propositis
1288 1726 1367 1775 in
1381 1712 1596 1777 Catone
1635 1724 1895 1776 adhibitis
2006 1763 2462 1776 ......
2526 1766 2552 1775 ..
2627 1751 2643 1781 .-
2720 1768 2731 1779 .
2810 1767 2819 1777 .

671 1798 760 1849 De
800 1797 1205 1864 compositione
1245 1794 1576 1863 singularum
1616 1797 1851 1869 partium
1889 1796 2117 1848 Catonis
2186 1836 2821 1849 ........

603 1870 769 1932 Pars
806 1869 895 1932 II:
945 1870 1053 1931 De
1103 1869 1407 1931 fontibus
1456 1866 1734 1932 Catonis
1782 1871 2054 1932 maioris
2100 1908 2110 1927 ι
2186 1916 2821 1930 ........

672 1959 762 2010 De
802 1957 1092 2009 sententiis
1129 1972 1320 2008 eorum
1361 1956 1600 2008 virorum
1641 1957 1950 2019 doctorum,
1990 1959 2080 2025 qui
2120 1958 2226 2009 hac
2267 1958 2341 2009 de
2380 1973 2438 2010 re
2477 1964 2713 2025 egerunt

743 2029 776 2099 ξ
819 2029 865 2081 1.
905 2029 978 2080 de
1018 2028 1292 2095 exemplis
1331 2044 1365 2079 a
1402 2028 1516 2081 Cic.
1556 2028 1679 2095 ipso
1719 2027 1897 2080 allatis
2008 2067 2821 2082 ..........

744 2100 776 2169 ξ
813 2100 865 2152 2.
903 2100 978 2151 de
1018 2099 1262 2151 Platonis
1301 2105 1360 2151 et
1397 2100 1805 2182 Xenophontis
1830 2100 1969 2153 locis
2008 2139 2823 2153 ..........

745 2170 776 2239 §
815 2170 864 2223 3.
907 2168 1070 2236 Quae
1110 2169 1224 2222 Cic.
1264 2186 1340 2222 ex
1377 2171 1498 2223 aliis
1536 2171 1754 2239 scriptis
1790 2172 1966 2239 ipsius
2004 2173 2328 2239 repetiverit
2366 2211 2822 2224 ......

743 2244 774 2309 ξ
811 2242 863 2294 4.
902 2242 992 2293 De
1029 2241 1182 2293 fonte
1222 2241 1440 2294 Graeco
1479 2259 1512 2294 a
1549 2242 1663 2295 Cic.
1703 2243 1951 2295 adhibito
2010 2282 2822 2296 ..........

906 2314 996 2365 De
1035 2314 1303 2365 methodo
1344 2314 1662 2366 adhibenda
1700 2315 1752 2365 in
1792 2316 1901 2366 hac
1937 2316 2379 2381 perscrutatione
2455 2354 2822 2366 .....

904 2384 993 2436 De
1033 2386 1322 2437 sententiis
1361 2385 1588 2437 Bioneis
1651 2425 2822 2440 ..............

905 2456 994 2507 De
1033 2456 1298 2508 doctrinis
1336 2455 1542 2509 Stoicis
1652 2496 2821 2509 ..............

904 2527 995 2579 De
1035 2533 1260 2579 auctore
1299 2528 1520 2579 Tithoni
1561 2568 1572 2580 .
1613 2568 1620 2573 .
1650 2567 2823 2582 ..............

907 2596 2823 2654 DefonteCic..................'

603 2670 912 2721 Excursus:
953 2671 1027 2722 de
1065 2670 1219 2721 fonte
1257 2671 1376 2721 libri
1413 2670 1728 2723 Plutarchei
1771 2672 1855 2737 „el
1893 2673 2234 2747 πρεσβυτέρῳ
2270 2673 2653 2727 πολιτευτέονιι
2722 2713 2733 2724 .

2897 1505 2999 1543 pag.

2882 1573 3055 1625 5—34

2810 1694 2821 1705 .
2856 1655 3019 1706 5--6

2880 1726 3054 1777 6-13

2853 1796 3057 1849 13-34

2845 1878 3056 1929 35-60

2810 1998 2821 2009 .
2844 1956 3056 2009 35-37

2846 2028 3057 2081 37—‘38

2846 2100 3056 2153 38-39

2845 2172 2913 2225 39
2921 2172 3055 2223 -45

2844 2244 2979 2295 45-
2988 2244 3058 2296 60

2844 2316 2979 2367 45-
2986 2315 3057 2366 46

2845 2388 2977 2439 46-
2987 2387 3057 2438 48

2844 2458 2983 2509 49-
2990 2459 3058 2510 50

2847 2530 3057 2581 50—55

2849 2603 2915 2653 55
2924 2634 2980 2641 -
2989 2601 3059 2653 60

2810 2674 2916 2725 .62
