3584 5475
1552 545 1950 603 —9—

515 718 1048 795 meditationis⁴‘3
1114 717 1152 803 ξ
1213 721 1297 781 84
1361 722 1649 797 „vixisse
1705 756 1792 765 —
1850 722 1987 781 vixi
2036 756 2119 766 —
2158 722 2345 782 ·vita·‘
2382 720 2846 801 ·„proficiscar
2895 758 2973 766 —-

512 807 979 889 proficiscar⁵⁴z
1021 806 1096 892 ,ᾗ
1127 804 1212 871 85
1254 829 1485 887 „error
1517 844 1600 854 —
1637 829 1789 871 erro
1825 846 1912 855 —
1944 830 2241 871 errorem
2258 812 2311 873 ³⁴.
2371 808 2564 890 Quae
2600 810 2977 891 loquacitas

511 918 645 959 non
699 900 917 959 minus
966 898 1190 959 elucet
1237 919 1326 959 ex
1383 900 1827 959 sententiis
1885 899 2117 960 iisdem
2166 919 2301 961 non
2342 900 2557 961 solum
2593 902 2657 959 in
2695 901 2975 961 diversis

509 988 835 1067 partibuS‚
900 988 1021 1048 sed
1091 990 1291 1048 etiam
1362 990 1426 1049 in
1497 988 1736 1049 eadem
1808 996 2006 1067 parte
2064 990 2473 1068 repetitis,
2566 988 2765 1050 Hanc
2817 1010 2976 1051 con-

512 1077 939 1137 suetudinem
993 1076 1273 1137 senilem
1321 1097 1406 1137 ne
1452 1079 1602 1157 quis
1650 1096 2115 1157 praepropere
2164 1079 2290 1138 sibi
2338 1080 2600 1139 crimini
2657 1079 2791 1150 det,
2844 1076 2975 1140 Cic,

509 1167 654 1245 ipse
725 1186 1051 1247 expresse
1122 1166 1374 1227 indicat
1441 1166 1775 1228 nonnullis
1842 1165 2023 1228 locis,
2116 1164 2384 1228 Solonis
2454 1168 2709 1237 dictum
2780 1176 2852 1228 et
2912 1170 2996 1229 in*

513 1252 668 1337 §26
721 1263 792 1315 et
837 1256 900 1315 in
952 1253 1108 1339 §50
1159 1255 1360 1316 affert
1408 1255 1536 1316 hoc
1587 1255 1735 1317 loco
1787 1256 2072 1317 adiectis
2119 1258 2348 1317 verbis
2403 1265 2517 1335 „ut
2565 1265 2725 1317 ante
2776 1258 2975 1317 dixi“.

511 1344 800 1405 Fructus
839 1347 1218 1405 senectutis
1259 1364 1408 1404 esse
1450 1347 1849 1405 memoriam
1886 1358 2047 1405 ante
2082 1353 2430 1425 partorum
2468 1348 2799 1407 bonorum
2838 1366 2971 1407 non

509 1433 721 1495 solum
775 1436 839 1494 in
890 1432 984 1494 IV
1021 1443 1218 1514 parte
1267 1436 1537 1513 saepius
1587 1434 1755 1494 dixit
1793 1432 1853 1518 (ξ
1890 1437 1987 1507 71,
2023 1435 2105 1497 69
2141 1434 2225 1495 cf.
2263 1432 2389 1518 78),
2437 1436 2559 1495 sed
2594 1437 2796 1496 etiam
2836 1436 2973 1497 aliis

510 1524 594 1583 de
645 1524 866 1584 causis
915 1525 979 1583 in
1015 1520 1052 1607 ξ
1089 1526 1125 1584 9
1162 1533 1232 1583 et
1267 1526 1349 1585 62
1386 1526 1986 1590 commemoravit:
2039 1543 2265 1603 neque
2298 1543 2462 1585 vero
2499 1525 2670 1585 haec
2705 1527 2972 1586 iteratio

512 1632 661 1673 eum
700 1612 961 1692 effugit,
995 1615 1248 1692 quippe
1282 1614 1398 1693 qui
1427 1614 1491 1674 in
1528 1610 1666 1695 §71
1705 1605 1954 1674 adiciat
1977 1621 2085 1686 „ut
2104 1632 2316 1693 saepe
2346 1614 2543 1675 dixi“.
2592 1611 2972 1675 Similitudo

510 1722 550 1761 a
588 1721 839 1762 scaena
878 1703 1096 1781 petita
1141 1710 1387 1783 quater
1419 1703 1517 1782 (ἓξ
1557 1707 1612 1771 5,
1649 1704 1748 1775 64,
1787 1706 1885 1776 70,
1920 1705 2021 1776 83,
2062 1702 2144 1763 cf.
2180 1700 2291 1785 65)
2326 1704 2704 1777 adhibetur,
2742 1722 2973 1783 quam-

511 1810 710 1869 quam
749 1791 890 1851 aliis
925 1790 1088 1852 locis
1122 1791 1326 1852 modo
1361 1791 1508 1862 alic,
1544 1811 1768 1872 neque
1791 1811 1942 1852 cum
1973 1790 2599 1874 Meissner0,(l.0.
2619 1811 2683 1872 p.
2710 1796 2971 1873 216sq.)

509 1881 765 1941 initium
818 1881 972 1960 §70
1023 1881 1496 1960 interpolatori
1537 1882 1970 1943 tribuendum
2022 1890 2145 1942 est.
2236 1881 2407 1941 Item
2452 1901 2686 1942 cursus
2727 1885 2973 1943 aetatis

512 1969 776 2030 duobus
811 1970 973 2031 locis
1007 1967 1113 2051 (ἓξ
1136 1972 1237 2044 33,
1274 1968 1382 2049 76)
1417 1972 1480 2030 in
1519 1971 1812 2042 medium
1851 1969 2196 2051 profertur
2232 1979 2440 2051 atque
2476 1971 2563 2031 ad
2595 1974 2972 2032 sententias

514 2061 860 2139 utriusque
892 2060 1312 2139 paragraphi
1347 2060 1909 2124 accommodatus
1944 2070 2064 2121 est.
2141 2060 2383 2140 Itaque
2418 2080 2684 2132 caveaS,
2718 2080 2804 2121 ne
2839 2058 2971 2122 Cic.

507 2150 918 2227 praeterisse
977 2150 1220 2209 credas
1279 2168 1500 2229 paene
1552 2150 1792 2209 eadem
1845 2143 2140 2229 repetita
2191 2169 2343 2210 esse
2392 2151 2452 2210 in
2508 2150 2585 2229 ἐξ
2636 2152 2715 2209 27
2768 2158 2839 2210 et
2888 2153 2967 2211 33

509 2237 808 2297 eiusdem
862 2240 1074 2317 partis
1123 2238 1490 2299 secundae.
1586 2236 1784 2317 Quod
1826 2240 1889 2299 in
1942 2237 2389 2319 agricolarum
2442 2240 2583 2299 vita
2635 2239 2969 2299 laudanda

507 2328 905 2388 sententiae·
949 2329 1238 2389 iteratae
1297 2336 1455 2387 sunt
1511 2329 1800 2407 saepiuS‚
1864 2325 1996 2389 Cic.
2055 2328 2185 2388 hoc
2245 2330 2391 2408 ipso
2443 2327 2591 2389 loco
2642 2348 2968 2408 expresse

509 2417 694 2477 dicit:
759 2416 970 2495 „haec
1031 2419 1178 2497 ipsa
1229 2436 1405 2497 quae
1457 2418 1591 2477 dixi
1640 2419 1861 2477 sentio
1912 2416 2118 2477 fuisse
2170 2416 2495 2496 longiora.
2586 2416 2970 2496 Ignoscetis

508 2514 770 2582 autem3
839 2526 991 2567 nam
1066 2514 1134 2567 et
1200 2506 1423 2567 studio
1490 2509 1889 2567 rusticarum
1927 2502 2199 2567 'rerum
2256 2515 2622 2586 provectus
2689 2527 2831 2567 sum
2900 2519 2970 2567 et

505 2603 825 2655 senectus
877 2605 983 2655 est
1018 2606 1259 2656 natura
1296 2595 1706 2675 loquacior“.
1786 2594 2111 2658 Consulto
2149 2597 2353 2675 igitur
2391 2594 2534 2656 illas
2569 2598 2968 2657 iterationes

505 2703 636 2745 non
691 2686 932 2760 omisit,
981 2684 1291 2747 consulto
1326 2682 1659 2748 Catonem
1708 2685 1875 2748 facit
1924 2706 1962 2746 a
2003 2687 2127 2748 via
2159 2693 2387 2747 recta
2422 2687 2967 2755 aberrantem,

504 2774 567 2834 id
595 2774 779 2854 quod
798 2778 1168 2855 praecipue
1204 2795 1288 2836 ex
1319 2778 1468 2854 agri
1490 2775 1795 2837 culturae
1833 2776 2029 2836 laude
2065 2784 2352 2856 apparet
2390 2772 2455 2859 (ξ
2480 2779 2560 2836 55
2594 2778 2967 2836 narratiun-

503 2863 653 2923 cula
722 2865 806 2924 de
880 2864 980 2926 Μ’.
1029 2863 1229 2927 Curio
1299 2864 1543 2947 allata),
1615 2866 1841 2944 plura
1912 2868 2167 2945 magis
2236 2884 2460 2945 quam
2531 2867 2966 2945 oportebat

413 3025 416 3030 Ι
505 2962 1045 3026 enarrantem,
1114 2954 1450 3028 nonnulla,
1510 2974 1686 3034 quae
1745 2974 1900 3015 cum
1958 2956 2311 3034 proposito
2370 2974 2501 3014 non
2556 2955 2678 3015 nisi
2729 2954 2993 3014 leviter-

475 3043 900 3115 cohaerent,
949 3042 1371 3104 afferentem.
1454 3043 1690 3122 Atque
1727 3064 1807 3104 ne
1844 3045 1992 3123 quis
2025 3063 2099 3104 se
2135 3044 2351 3104 levem
2390 3045 2453 3103 in
2484 3043 2964 3124 componendo

505 3128 672 3190 libro
722 3130 928 3192 fuisse
971 3133 1372 3210 suspicetur,
1419 3133 1564 3211 ipse
1607 3133 2070 3211 digressiones
2103 3132 2677 3211 saepius‘indicat.
2772 3130 2964 3210 Quae

504 3220 928 3281 consuetudo
990 3222 1245 3300 optime
1305 3219 1675 3282 illustratur
1729 3221 2168 3301 paragrapho
2229 3224 2329 3291 67,
2389 3222 2503 3281 ubi
2560 3221 2645 3281 de
2705 3223 2966 3283 iuvenis

506 3317 725 3370 morte
775 3301 1040 3370 locutus
1088 3330 1311 3391 senes‘
1338 3329 1485 3371 rem
1535 3310 1875 3390 publicam
1920 3320 2307 3371 sustentare
2348 3330 2438 3370 ex
2475 3318 2673 3389 parte
2706 3310 2737 3370 1
2770 3308 2834 3393 (ξ
2862 3313 2965 3387 20)

395 3426 399 3430 ·
503 3400 772 3477 repetit,
806 3408 944 3460 tum
985 3411 1213 3460 autem
1251 3401 1508 3479 pergit:
1552 3400 1711 3472 „sed
1731 3400 1942 3460 redeo
1968 3400 2055 3460 ad
2078 3409 2369 3461 mortem
2394 3400 2963 3478 impendentemf‘

501 3487 671 3547 Item
743 3489 808 3548 in
876 3497 1074 3568 parte
1139 3489 1203 3550 H
1267 3490 1304 3570 ἓ
1364 3492 1437 3552 31
1514 3490 2006 3568 digressionem
2079 3509 2229 3550 esse
2295 3491 2439 3569 ipse
2509 3489 2671 3550 dicit
2736 3491 2965 3551 verbis

509 3579 666 3655 „sed
716 3578 927 3638 redeo
979 3579 1062 3638 ad
1115 3583 1313 3640 me“.-
1362 3579 1436 3639 In
1487 3589 1684 3658 parte
1718 3579 1748 3639 I
1797 3579 1875 3659 ἐξ
1919 3581 1999 3639 25
2052 3587 2123 3638 et
2171 3581 2250 3639 26
2301 3581 2439 3640 init.
2482 3581 2790 3658 egressio
2842 3589 2964 3653 est,

505 3686 704 3747 quam
758 3668 998 3728 iterum
1043 3670 1270 3728 verbis
1310 3669 1474 3745 ..sed
1509 3668 1795 3729 videtis“
1833 3671 1980 3748 ipse
2015 3669 2285 3729 indicat.
2377 3668 2514 3728 Iam
2555 3669 2719 3728 satis
2754 3668 2964 3729 multa

504 3755 820 3835 exempla
871 3756 1075 3816 allata
1120 3765 1279 3818 sunt
1316 3756 1746 3838 loquacitatis
1787 3755 2093 3819 Catonis:
2145 3766 2420 3818 constat
2457 3753 2590 3818 Cic.
2623 3759 2688 3817 id
2731 3778 2962 3838 agere,

508 3853 580 3905 ut
626 3847 808 3905 senis
857 3844 1148 3906 indolem
1202 3848 1349 3926 ipso
1399 3866 1715 3908 sermone
1768 3847 2103 3926 depingat
2152 3866 2232 3906 ac
2282 3845 2643 3907 describat.

679 3931 820 3994 Sed
869 3935 1118 3995 dixerit
1166 3938 1315 4015 quis
1363 3937 1437 3996 in
1489 3934 1801 3997 Tuscul.
1850 3935 2255 4014 Disputat.
2304 3955 2625 4015 quoque
2681 3939 2962 4015 reperiri

501 4031 571 4082 et
617 4025 1068 4103 repetitiones
1127 4024 1211 4106 (e.
1244 4045 1346 4105 gr.
1395 4025 1432 4086 1.
1463 4024 1510 4098 Ι,
1542 4023 1621 4108 ἐξ
1660 4027 1759 4096 34,
1796 4026 1941 4098 4117,
2002 4025 2035 4086 l.
2067 4024 2143 4098 ΙΙ,
2176 4022 2254 4107 ἕξ
2289 4027 2389 4099 35,
2425 4023 2535 4106 53)
2586 4034 2656 4084 et
2706 4025 2961 4105 digres-

501 4114 726 4173 siones
775 4111 838 4194 (l.
877 4111 996 4197 1,§
1029 4117 1130 4186 81,
1180 4115 1215 4176 l.
1247 4113 1364 4188 IV,
1401 4112 1439 4197 ξ
1470 4117 1698 4196 63166)
1748 4134 1974 4194 neque
2026 4114 2268 4174 deesse
2318 4115 2585 4194 copiam
2644 4122 2715 4174 et
2766 4116 2960 4175 uber-

500 4209 713 4262 tatem
750 4204 1136 4263 verborum.
1198 4204 1301 4264 At
1332 4204 1505 4265 haec
1543 4204 1753 4264 multo
1789 4205 2094 4265 crebrius
2128 4205 2561 4263 inveniuntur
2596 4205 2658 4262 in
2697 4200 2959 4264 Catone

501 4292 754 4352 maiore
807 4300 1007 4372 quam
1064 4292 1185 4353 illis
1232 4295 1296 4353 in
1351 4294 1938 4373 disputationibuS,
1998 4295 2062 4354 in
2124 4312 2408 4373 quarum
2472 4293 2657 4352 initio
2708 4291 2779 4374 (Ι,
2811 4291 2859 4376 ξ
2895 4297 2957 4376 7)

502 4376 634 4441 Cic.
693 4381 838 4460 ipse
900 4382 1062 4442 dicit
1118 4403 1192 4442 se
1255 4382 1426 4443 velle
1481 4385 1801 4462 „copiose
1851 4393 1920 4442 et
1970 4383 2249 4444 ornate“'
2307 4381 2662 4441 disserere.
2759 4379 2959 4459 Quod

501 4479 726 4530 autem
781 4471 1144 4532 similitudo
1196 4474 1537 4552 quaedam
1586 4474 1867 4552 generis
1916 4471 2182 4533 dicendi
2234 4473 2411 4531 inter
2444 4468 2550 4530 illa
2593 4489 2803 4549 opera
2836 4484 2959 4545 est,

502 4559 656 4618 inde
689 4560 1169 4639 explicandum
1206 4570 1327 4634 est,
1359 4563 1544 4642 quod
1585 4560 1719 4624 Cic.
1751 4560 2083 4624 Catonem
2122 4580 2253 4621 non
2300 4561 2410 4630 ita,
2448 4571 2516 4620 ut
2552 4558 2657 4619 ille
2698 4561 2958 4639 priscus
