3584 5475
1523 541 1968 600 -37—

518 718 827 777 veniatur
895 715 1020 795 (St.
1063 716 1141 778 V.
1187 716 1254 778 F.
1299 717 1390 797 fg.
1429 720 1600 788 331).
1703 716 1980 779 Sediam
2041 715 2442 779 Giesecke
2513 716 2575 798 (l.
2624 738 2679 780 e.
2728 738 2790 798 p.
2825 722 2975 797 209)

521 808 776 866 monuit
825 806 960 867 tale
1011 808 1333 885 scriptum
1387 806 1599 867 latere
1649 826 1853 885 posse
1902 808 2026 866 sub
2078 806 2270 867 titulo
2322 807 2685 887 ,,ὄιάλογοι“.

695 892 1030 956 Omnibus
1089 896 1190 955 his
1249 897 1960 975 argumentationibus
2020 894 2176 956 nihil
2236 896 2590 957 adiuvatur
2643 898 2973 977 quaestio.

515 983 927 1063 Diligentius
995 984 1169 1044 hanc
1237 1005 1377 1045 rem
1452 1004 1574 1045 nos
1635 987 2045 1064 perscrutari
2114 994 2390 1064 oportet
2442 1006 2539 1046 -eo
2610 986 2833 1059 mod0,
2902 996 2973 1046 ut

517 1074 702 1133 cuius
751 1082 984 1134 sectae
1036 1074 1381 1134 doctrinas
1428 1076 1910 1154 praebeantur,
1959 1075 2430 1153 perquiramus
2466 1083 2673 1155 atque
2712 1077 2808 1135 usi
2857 1076 2971 1146 eis,

517 1182 692 1241 quae
742 1162 827 1222 de
877 1164 1372 1243 compositione
1421 1161 1752 1224 Catonis
1804 1162 1915 1241 (cf.
1962 1164 2087 1224 hac
2132 1164 2215 1222 de
2251 1184 2323 1222 re
2372 1183 2435 1243 p.
2469 1165 2581 1245 45)
2631 1166 2854 1243 priore
2906 1166 2967 1224 in

513 1260 710 1330 parte
769 1252 1204 1313 disseruimus
1262 1272 1362 1325 ea,
1430 1271 1604 1332 quae
1673 1273 1762 1312 ex
1825 1252 2016 1313 fonte
2075 1258 2349 1331 sumpta
2404 1261 2578 1325 sunt,
2643 1272 2973 1313 conemur

515 1360 878 1401 secernere
930 1342 1015 1401 ab
1053 1342 1166 1413 εἰς,
1217 1360 1393 1421 quae
1429 1338 1561 1402 Cic,
1597 1342 1741 1420 ipse
1777 1341 2017 1402 attulit.
2096 1340 2336 1421 Itaque
2388 1343 2448 1401 in
2486 1341 2789 1402 fontibus
2823 1341 2967 1403 libri

515 1429 796 1490 Tulliani
857 1430 1264 1509 indagandis
1322 1450 1469 1490 eam
1533 1430 1955 1509 ingredimur
2004 1432 2201 1500 viam,
2265 1440 2331 1491 ut
2383 1433 2673 1510 primum
2726 1434 2971 1499 omnia,

516 1538 692 1598 quae
727 1517 861 1580 Cic.
896 1520 983 1579 de
1018 1539 1138 1580 suo
1173 1522 1476 1599 sumpsit,
1528 1520 1773 1579 deinde
1814 1519 1998 1581 locos
2035 1519 2331 1579 Platonis
2366 1529 2435 1580 et
2468 1518 2969 1599 Xenophontis
3006 1539 3009 1543 ·

516 1627 686 1687 quos
720 1627 872 1669 eum
910 1610 1124 1688 ipsum
1165 1610 1524 1669 inseruisse
1568 1618 2105 1669 consentaneum
2150 1617 2272 1680 est,
2320 1617 2458 1669 tum
2500 1611 2742 1682 omnia,
2792 1629 2969 1689 quae

515 1698 640 1757 iam
680 1699 746 1757 in
782 1699 1116 1777 prioribus
1151 1700 1472 1779 operibus
1507 1698 1812 1758 adhibita
1846 1719 1883 1758 a
1918 1694 2051 1759 Cio.
2085 1700 2481 1771 invenimuS,
2530 1717 2882 1758 secernam
2900 1719 2969 1759 us

516 1795 722 1866 atque
780 1796 1304 1865 perscrutemur,
1373 1787 1668 1866 denique
1727 1808 1826 1859 ea,
1894 1807 2069 1867 quae
2126 1795 2405 1856 restant,
2463 1789 2969 1866 perspiciamus

915 2017 950 2101 ξ
1001 2023 1052 2080 l.
1146 2018 1262 2079 De
1311 2017 1708 2099 exemplis
1759 2039 1796 2078 a
1847 2015 1999 2079 Cic.
2048 2020 2220 2098 ipso
2272 2017 2558 2079 allatis.

690 2142 933 2223 Longe
1018 2142 1304 2223 plurima
1386 2142 1702 2223 exempla
1791 2146 1851 2203 in
1934 2139 2195 2204 Catone
2267 2143 2469 2203 allata
2537 2164 2624 2203 ex
2692 2144 2967 2205 historia

513 2231 979 2293 Romanorum
1073 2241 1348 2312 sumpta
1429 2242 1587 2293 sunt
1672 2253 1709 2293 a
1791 2230 1945 2305 Cic.,
2025 2252 2159 2312 qua
2224 2233 2307 2292 de
2392 2252 2466 2291 re
2549 2234 2676 2293 iam
2764 2253 2967 2312 supra

515 2322 948 2382 disseruimus
1017 2321 1106 2402 (p.
1158 2322 1444 2403 Ilsqq.),
1535 2319 1674 2383 Sed
1724 2321 1977 2382 Tullius
2036 2320 2233 2399 fingit
2275 2319 2605 2383 Catonem
2669 2341 2966 2382 comme-

514 2419 890 2471 morantem
966 2413 1168 2471 etiam
1251 2412 1430 2471 viros
1498 2407 1873 2472 Graecos
1986 2406 2138 2488 Qua
2216 2431 2304 2470 ex
2379 2430 2454 2469 re
2528 2412 2583 2471 si
2658 2412 2967 2490 sequaris

513 2501 898 2579 opinionem
981 2498 1262 2560 Hensii
1341 2499 1404 2577 (l.
1456 2518 1511 2560 c,
1562 2519 1625 2579 p.
1669 2496 1972 2581 CXVII),
2044 2502 2159 2581 qui
2237 2502 2605 2560 arbitratur
2672 2496 2806 2561 Cic,
2859 2499 2964 2561 illa

511 2589 724 2649 verba
804 2587 840 2671 ξ
895 2592 950 2662 3,
1029 2590 1273 2669 quibus
1346 2588 1527 2669 quod
1591 2591 1657 2648 in
1711 2586 2043 2649 Catonem
2100 2587 2367 2650 Graeca
2420 2588 2629 2649 multa
2682 2588 2966 2663 deferat,

513 2688 812 2751 excusat,
848 2699 930 2740 eo
966 2689 1228 2740 tantum
1275 2677 1552 2740 consilio
1589 2678 1848 2751 ‚,vafre“
1885 2678 2243 2752 addidisse,
2277 2698 2399 2751 „ne
2433 2680 2559 2738 sibi
2593 2680 2736 2758 ipse
2774 2681 2965 2760 quasi

511 2767 991 2847 praecluderet
1021 2769 1493 2829 commentarii
1529 2766 1796 2841 (iraeci,
1838 2787 2038 2848 quem
2078 2770 2542 2849 exscripturus
2576 2778 2777 2838 esset,
2809 2771 2964 2829 sub-

511 2858 730 2930 sidia“,
761 2859 1123 2938 suspiceris
1159 2855 1429 2918 Graeca
1462 2856 1781 2936 exempla
1817 2859 2176 2918 maximam
2217 2865 2482 2937 partem
2511 2878 2598 2917 ex
2620 2877 2964 2919 commen-

511 2949 681 3008 tario
734 2945 1021 3015 Graeco,
1072 2967 1271 3027 quem
1329 2948 1703 3026 exscripsit,
1738 2966 1889 3007 eum
1928 2947 2251 3006 hausisse.
2313 2944 2449 3006 Sed
2489 2967 2642 3006 eum
2678 2946 2963 3027 plurima

512 3035 831 3117 exempla
868 3034 1139 3098 Graeca
1171 3038 1386 3115 ipsum
1426 3037 1786 3096 inseruisse
1824 3037 2136 3114 cogimur
2168 3037 2497 3108 arbitrari,
2532 3037 2586 3095 si
2621 3035 2725 3095 illa
2760 3036 2962 3114 paulo

512 3125 901 3204 diligentius
968 3128 1375 3205 perscrutati
1443 3144 1691 3185 sumus,
1787 3123 2128 3186 Omittere
2187 3144 2547 3204 possumus
2607 3144 2725 3184 eos
2785 3127 2963 3185 viros

513 3212 837 3286 GraeCOS,
888 3235 1061 3296 quos
1104 3235 1189 3274 ex
1241 3213 1543 3292 Platonis
1600 3224 1672 3273 et
1723 3211 2208 3292 Xenophontis
2260 3213 2443 3273 libris
2494 3215 2781 3293 sumpsit
2830 3211 2889 3296 (ξ
2928 3217 2959 3273 7

509 3301 1007 3364 Themistocles
1070 3301 1234 3386 §30
1294 3301 1510 3383 Cyrus
1578 3300 1739 3385 §47
1803 3301 2184 3382 Sophocles
2250 3302 2286 3382 ξ
2338 3305 2417 3363 59
2480 3299 2695 3382 Cyrus
2746 3305 2963 3363 minor

510 3390 867 3472 Lysander
923 3393 958 3472 ἓ
1006 3397 1078 3454 71
1145 3391 1511 3473 Socrates).
1603 3391 1770 3452 Item
1828 3389 2133 3453 Graecos
2189 3393 2253 3451 in
2307 3389 2343 3473 ξ
2389 3395 2469 3452 23
2530 3391 2768 3451 allatos
2818 3394 2961 3451 sicne

511 3481 716 3543 dubio
752 3480 886 3543 Cio.
927 3484 1071 3562 ipse
1107 3481 1403 3560 collegit.
1465 3480 1539 3541 In
1579 3479 1716 3563 §21
1758 3480 2237 3541 Themistoclis
2273 3482 2597 3541 memoria
2634 3480 2961 3542 laudatur.

512 3570 664 3632 Hoc
698 3571 1090 3659 exemplum
1126 3570 1412 3630 Tullium
1449 3572 1666 3649 ipsum
1706 3568 2013 3630 attulisse
2054 3570 2174 3629 tibi
2217 3570 2635 3649 persuadeas
2677 3589 2959 3630 necesse

510 3669 632 3731 est,
681 3662 735 3720 si
784 3660 1036 3739 legeris
1085 3680 1185 3731 ea,
1236 3680 1412 3740 quae
1464 3661 1548 3720 de
1599 3661 1879 3738 ingenio
1929 3658 2095 3719 illius
2147 3667 2376 3719 narrat
2426 3667 2496 3717 et
2544 3661 2606 3717 in
2662 3657 2695 3718 1.
2728 3658 2787 3718 II
2837 3660 2959 3728 „de

511 3758 816 3810 oratore“
869 3747 904 3832 ξ
945 3752 1024 3810 74
1075 3758 1144 3809 et
1194 3751 1256 3809 in
1309 3749 1344 3810 l.
1392 3748 1450 3808 H
1500 3748 1723 3821 ‚,acad.
1771 3755 1903 3828 pr.“
1954 3749 2061 3828 §2
2113 3757 2185 3807 et
2230 3751 2293 3808 in
2348 3747 2383 3808 l.
2414 3746 2476 3807 II
2518 3747 2637 3819 ,‚de
2680 3745 2958 3808 finibus“

511 3835 546 3920 ξ
605 3840 746 3900 104.
865 3837 1238 3899 Praeterea
1304 3858 1435 3898 non
1508 3857 1835 3917 expresse
1906 3837 1989 3896 de
2058 3847 2415 3897 senectute
2483 3836 2959 3897 Themistoclis

510 3928 768 4000 dicitur,
840 3937 908 3988 ut
975 3929 1105 3989 hoc
1174 3926 1558 4007 exemplum
1624 3928 1844 3986 minus
1903 3937 2133 4005 aptum
2194 3928 2297 3995 sit,
2347 3925 2528 4005 quod
2579 3928 2640 3985 in
2695 3922 2958 3986 Catone
3034 4003 3049 4008 -

510 4019 763 4077 maiore
815 4016 1157 4078 afferatur.
1233 4016 1308 4076 In
1360 4013 1514 4097 §69
1565 4016 2089 4094 Arganthonius
2138 4016 2503 4075 admodum
2536 4035 2771 4074 senex
2806 4035 2956 4094 pro-

508 4104 723 4166 fertur
770 4109 834 4166 in
891 4107 1201 4166 inedium.
1280 4103 1446 4166 Cum
1484 4101 1618 4166 Cic.
1653 4105 1835 4164 dicat
1886 4114 1993 4176 ,‚ut
2030 4105 2351 4184 scriptum
2392 4104 2627 4164 video“
2665 4103 2773 4182 (cf.
2806 4105 2958 4164 adn.

510 4194 815 4270 Moorii)
851 4203 1058 4274 atque
1094 4194 1429 4254 Herodoti
1469 4196 1677 4254 verba
1701 4192 1825 4272 (1‚§
1853 4195 1975 4254 163
2001 4199 2122 4272 ,,τῷ
2143 4193 2383 4272 βασιλεῖ
2407 4198 2534 4253 τῶν
2560 4191 2960 4272 Ταρτησσίων

509 4281 566 4363 ᾧ
599 4285 806 4364 ὄνομα
842 4283 916 4364 ἦν
941 4285 1045 4354 'A.,
1079 4284 1483 4362 ἐτυράννευσε*
1517 4283 1585 4345 δὲ
1618 4282 1991 4362 ὀγδώκοντα
2024 4283 2144 4362 ἔτη,
2178 4282 2401 4362 ἐβίωσε
2436 4281 2504 4343 δὲ
2534 4282 2734 4342 πάντα
2767 4283 2960 4342 εἴκοσι

507 4374 611 4434 καὶ
643 4373 928 4447 ἑκατόν“)
964 4374 1336 4432 reddiderit
1363 4372 1517 4432 nihil
1557 4372 1905 4441 habemuS,
1939 4391 2058 4431 cur
2094 4373 2221 4431 hoc
2256 4370 2642 4450 exemplum
2676 4390 2765 4430 ex
2792 4371 2957 4430 libro

509 4481 609 4534 e0,
660 4483 794 4542 quo
846 4463 930 4521 de
980 4472 1338 4522 senectute
1392 4463 1746 4540 agebatur,
1797 4480 1835 4519 a
1882 4458 2016 4521 Cic.
2050 4470 2393 4539 sumptum
2438 4480 2588 4519 esse
2624 4468 2960 4539 putemus,

507 4549 678 4611 Item
731 4571 906 4631 quae
959 4551 1043 4610 de
1094 4550 1394 4611 Isocrate
1446 4549 1557 4629 (cf.
1593 4550 1830 4628 orat.§
1874 4551 2020 4630 175)
2072 4560 2139 4608 et
2186 4551 2269 4608 de
2308 4549 2603 4608 Platonis
2640 4559 2857 4607 morte
2898 4551 2959 4607 in
