3584 5475
1518 546 1958 606 *11-

507 731 814 795 excuset,
863 723 1050 803 quod
1087 722 1428 802 permulta
1469 722 1783 803 exempla
1836 722 2441 785 attulerit'Graeca
2479 718 2602 805 (ch
2623 724 2755 785 ind.
2788 744 2964 804 perS.

507 810 608 871 ed.
667 810 924 886 Moorii,
980 831 1043 891 p.
1090 810 1261 893 185).
1371 814 1589 873 Etiam
1661 832 1922 873 morem
1992 814 2228 892 ipsum,
2298 832 2499 893 quem
2562 821 2780 874 totum
2839 833 2964 894 per

507 898 851 979 dialogum
929 902 1266 962 videmus.
1321 903 1717 975 adhibitum,
1806 902 2109 981 singulas
2186 904 2645 962 sententias
2726 922 2960 982 quam

505 991 985 1068 saepissime
1037 990 1437 1071 exemplis
1486 991 1951 1052 illustrandi
1992 992 2078 1051 ad
2115 988 2445 1053 Catonem
2486 990 2741 1053 detulit.
2819 991 2960 1051 Iam

505 1080 566 1138 in
632 1078 814 1163 libris
877 1088 1083 1140 antea
1139 1082 1407 1160 scriptis
1464 1081 1531 1141 id
1587 1080 1770 1141 fecit·
1811 1100 1961 1141 cum
2022 1082 2087 1140 in
2138 1080 2525 1148 Hortensio*
2560 1078 2681 1160 (fg.
2728 1083 2828 1154 27,
2876 1081 2961 1143 48

507 1167 771 1251 Miiller)
807 1176 878 1228 et
910 1170 975 1229 in
1012 1166 1494 1231 Consolatione
1545 1169 1661 1250 (fg.
1700 1172 1780 1231 15
1817 1168 2084 1251 Miiller)
2120 1179 2258 1229 tum
2297 1172 2362 1230 in
2397 1168 2664 1230 Tuscul.
2697 1169 2963 1249 Disput.

505 1256 658 1318 Hoc
680 1259 746 1317 in
771 1277 1000 1338 opere,
1023 1278 1234 1338 quare
1269 1262 1564 1321 sermoni
1589 1262 1842 1339 ubique
1864 1260 2121 1319 inserat
2142 1257 2477 1338 exempla,
2498 1260 2643 1338 ipse
2668 1258 2965 1339 explicat

503 1348 732 1407 verbis
781 1345 1057 1431 (1.111,§
1099 1350 1203 1424 56>
1269 1349 1564 1430 „duplex
1621 1357 1727 1409 est
1775 1350 1983 1427 igitur
2030 1350 2201 1408 ratio
2253 1350 2394 1409 veri
2443 1345 2830 1409 inveniendi
2882 1384 2960 1392 —-

505 1454 659 1495 nam
714 1445 828 1496 aut
877 1438 1085 1516 ipsius
1132 1439 1229 1497 rei
1282 1446 1541 1511 natura,
1593 1438 1807 1518 qualis
1858 1445 1927 1497 et
1979 1445 2235 1518 quanta
2284 1439 2385 1510 sit,
2420 1439 2811 1517 quaerimus
2846 1447 2964 1497 aut

505 1544 541 1583 a
594 1524 982 1603 disputandi
1029 1526 1404 1587 subtilitate
1455 1529 1831 1588 orationem
1885 1526 1972 1587 ad
2021 1525 2342 1605 exempla
2390 1527 2875 1588 traducimus“.

684 1612 820 1675 Sed
901 1622 972 1675 ut
1047 1616 1112 1674 in
1185 1618 1491 1677 versibus
1557 1615 1937 1676 inserendis
2000 1616 2104 1692 (cf.
2161 1635 2368 1695 supra
2424 1635 2487 1694 p.
2542 1617 2671 1688 10),
2736 1618 2832 1677 ita
2896 1618 2963 1676 in
3050 1668 3053 1672 ,

506 1701 838 1782 exemplis
908 1702 1272 1764 afferendis
1338 1704 1471 1768 Cio.
1529 1707 1785 1766 veritus
1854 1713 1960 1764 est
2024 1701 2319 1784 priscum
2388 1704 2569 1765 illum
2628 1702 2958 1767 Catonem

504 1790 736 1851 facere
796 1812 877 1852 ea
922 1792 1345 1872 loquentem,
1405 1814 1581 1874 quae
1628 1796 1823 1854 nimis
1858 1814 1897 1853 a
1940 1795 2241 1853 moribus
2287 1793 2451 1854 illius
2494 1794 2963 1855 abhorrerent.

503 1878 746 1942 Ratio
807 1883 1008 1941 enim
1072 1882 1436 1961 eligendi
1494 1883 1867 1963 exempla
1914 1884 1977 1942 in
2022 1878 2285 1943 Catone
2330 1882 2457 1943 alia
2500 1892 2605 1943 est
2648 1893 2854 1963 atque
2899 1886 2961 1943 in

504 1968 770 2031 Tuscul.
810 1969 1076 2049 Disput.
1111 2020 1124 2033 .
1172 1970 1343 2032 Nam
1407 1992 1556 2032 cum
1610 1973 1745 2046 hic,
1808 1990 2217 2051 quamquam
2271 1975 2335 2032 in
2386 1971 2424 2056 ἓ
2462 1975 2544 2034 74
2591 1973 2627 2033 l.
2658 1972 2690 2033 Ι
2736 1974 2963 2058 verbis

511 2059 672 2136 „sed
707 2060 877 2120 haec
927 2064 1038 2137 (sc,
1081 2058 1383 2121 Socratis
1432 2062 1805 2136 enuntiata)
1856 2069 1926 2121 et
1972 2070 2212 2121 vetera
2247 2070 2317 2121 et
2351 2082 2392 2122 a
2430 2058 2740 2138 Graecis3
2792 2058 2960 2122 Cato

506 2156 730 2208 autem
794 2151 961 2210 etc.“
1026 2160 1096 2209 et
1151 2152 1217 2210 in
1275 2147 1312 2232 ξ
1363 2154 1444 2212 33
1495 2149 1531 2211 l.
1576 2150 1606 2209 I
1663 2151 1891 2224 verbis
1954 2142 2079 2227 „ne
2140 2158 2210 2210 et
2267 2160 2501 2212 vetera
2558 2160 2629 2210 et
2677 2160 2963 2211 externa

505 2241 616 2310 (sc.
667 2238 988 2318 exempla
1024 2237 1502 2300 Themistoclis
1551 2250 1621 2300 et
1658 2240 2198 2319 Epaminondae)
2249 2259 2592 2321 quaeram,
2643 2240 2802 2300 mihi
2852 2241 2963 2317 (so,

504 2326 684 2387 licuit
735 2347 886 2387 esse
938 2329 1217 2405 otioso)“
1273 2329 1528 2389 indicat
1569 2349 1642 2389 se
1685 2330 1751 2388 id
1798 2348 2028 2407 agere,
2081 2337 2153 2389 ut
2194 2348 2319 2409 pro
2366 2326 2647 2390 Graecis
2694 2332 2849 2390 viris
2892 2339 2963 2389 et

502 2417 851 2485 veteribus
901 2417 1254 2478 Romanos
1311 2439 1474 2478 suae
1533 2420 1778 2478 aetatis
1837 2416 2107 2491 afferat,
2166 2427 2396 2479 tamen
2458 2418 2621 2479 alias
2671 2428 2961 2479 externa

505 2506 821 2585 exempla
866 2506 1193 2567 adhibere
1237 2508 1410 2567 adeo
1455 2528 1588 2568 non
1634 2515 1970 2577 vereatur,
2015 2516 2086 2567 ut
2128 2527 2351 2587 paene
2395 2506 2587 2586 plura
2629 2528 2715 2567 ex
2752 2506 2962 2569 Grae-

505 2614 734 2655 corum
799 2614 998 2675 quam
1060 2615 1149 2656 ex
1208 2596 1673 2657 Romanorum
1736 2598 2016 2657 historia
2073 2598 2292 2676 petita
2348 2598 2506 2668 sint,
2570 2598 2641 2657 in
2698 2594 2961 2659 Catone

505 2693 744 2745 contra
800 2704 925 2764 pro
987 2683 1270 2748 Graecis
1321 2685 1676 2748 Romanos
1734 2688 1915 2748 viros
1971 2686 2230 2748 inducit
2288 2695 2496 2767 atque
2554 2685 2961 2768 simulatque

504 2775 823 2854 exempla
863 2775 1144 2854 protulit
1187 2785 1492 2849 externa,
1535 2776 1897 2837 confestim
1943 2779 2185 2837 asserit
2227 2777 2633 2844 domestica:
2676 2776 2959 2837 velutin

502 2861 580 2947 ἐξ
619 2861 820 2947 13s14
867 2873 1028 2944 post
1071 2863 1428 2937 Platonem
1478 2861 1847 2926 Isocratem
1897 2863 2225 2945 Gorgiam
2278 2865 2479 2926 affert
2528 2866 2845 2936 Ennium;
2898 2867 2959 2926 in

502 2951 540 3036 ξ
577 2955 654 3014 21
698 2962 858 3033 post
889 2953 1420 3015 Themistoclem
1459 2951 1813 3028 Catonem,
1860 2958 1927 3016 in
1961 2953 1999 3039 ξ
2036 2956 2118 3015 24
2156 2964 2316 3035 post
2350 2952 2654 3017 Graecos
2688 2975 2962 3015 enume-

501 3051 688 3102 ratos
743 3045 1069 3120 „rusticos
1111 3041 1528 3114 Romanos“,
1576 3046 1640 3104 in
1691 3041 1728 3126 ξ
1766 3047 1846 3104 26
1891 3053 2049 3123 post
2083 3041 2439 3106 Socratem
2479 3042 2844 3114 Catonem;
2894 3047 2959 3105 in

502 3129 540 3214 ξ
592 3132 670 3193 27
740 3139 898 3210 post
956 3131 1270 3192 Milonem
1333 3129 1493 3194 Sex.
1550 3133 1818 3192 Aelium
1884 3133 2076 3204 alios,
2141 3135 2205 3193 in
2265 3132 2303 3217 ξ
2354 3135 2441 3196 30.
2494 3142 2654 3213 post
2710 3132 2960 3214 Cyrum

503 3218 881 3291 Metellum,
937 3223 1004 3281 in
1062 3217 1343 3304 §31s32
1403 3230 1559 3301 post
1615 3220 1979 3282 Nestorem
2035 3219 2398 3299 Catonem;
2458 3224 2523 3283 in
2583 3223 2619 3302 ἓ
2664 3225 2747 3284 64
2806 3232 2963 3302 post

501 3307 1088 3371 Lacedaemonios
1116 3330 1414 3390 augures
1437 3310 1821 3389 Romanos3
1858 3313 1923 3371 in
1949 3309 1986 3394 ξ
2010 3314 2091 3372 73
2119 3319 2277 3391 post
2299 3310 2617 3373 Solonem
2644 3311 2962 3388 Ennium;

502 3397 586 3460 cf.
630 3395 666 3481 ξ
713 3402 794 3459 20
851 3401 1063 3461 verba
1128 3400 1353 3479 „quod
1399 3403 1455 3461 si
1502 3400 1738 3480 legere
1801 3400 2039 3462 voletis
2087 3405 2437 3472 externa“,
2488 3399 2525 3484 ξ
2570 3402 2648 3463 81
2708 3398 2962 3480 „Cyrus

504 3490 778 3568 quidem
836 3526 924 3533 —
981 3509 1106 3550 nos
1163 3491 1218 3549 si
1273 3489 1527 3570 placet,
1586 3500 1817 3550 nostra
1877 3492 2225 3552 videmus“
2250 3490 2309 3567 ¹).
2399 3489 2772 3551 Praeterea
2830 3487 2962 3552 Cic.

498 3577 699 3657 'fingit
747 3575 1106 3652 Catonem,
1165 3577 1576 3659 ubicumque
1635 3579 1780 3640 fieri
1829 3588 2086 3659 potest,
2144 3599 2263 3640 eos
2311 3583 2489 3641 viros
2540 3578 2963 3654 afferentem,

504 3686 676 3746 quos
716 3669 861 3746 ipse
907 3670 1177 3728 noverit
1223 3668 1330 3728 vel
1373 3669 1633 3739 viderit,
1683 3689 1767 3728 ea
1800 3677 2053 3743 mente,
2099 3670 2164 3728 id
2204 3669 2389 3749 quod
2420 3688 2624 3748 supra
2660 3667 2750 3749 (p.
2788 3668 2961 3752 7sq.)

503 3759 970 3836 exposuimus,
1039 3765 1110 3816 ut
1176 3758 1358 3817 senis
1425 3777 1650 3818 mores
1719 3760 2069 3838 depingat.
2170 3758 2339 3818 Item
2408 3757 2573 3819 facit
2629 3756 2959 3819 Catonem
3037 3769 3043 3774 ’

503 3865 733 3910 senem
780 3846 864 3905 de
905 3854 1294 3925 temporum
1333 3849 1600 3907 ratione
1643 3848 1916 3907 uberius
1950 3847 2411 3926 compluribus
2446 3847 2609 3908 locis
2642 3867 2960 3908 enarran-

501 3945 640 3994 tem
695 3935 751 4014 (ξ
789 3936 886 4005 10,
923 3937 1006 3996 14
1055 3933 1163 3996 fin.
1200 3937 1279 3996 16
1332 3935 1506 3996 med.
1544 3937 1642 3996 19.
1679 3937 1778 3998 32.
1818 3938 1919 4008 39,
1952 3939 2033 3998 41
2086 3935 2196 3996 fin.
2230 3938 2333 3998 42.
2367 3940 2469 3999 43.
2506 3938 2588 3999 60
2630 3937 2827 4013 med.)
2877 3957 2958 3998 eo

502 4023 798 4096 consiliO,
849 4032 922 4084 ut
967 4026 1182 4085 verba
1231 4025 1266 4104 ἕ
1304 4028 1381 4085 21
1436 4025 1521 4085 de
1573 4029 1900 4099 memoria
1942 4024 2133 4086 senili
2168 4028 2350 4086 dicta
2383 4026 2605 4106 lepide
2641 4046 2958 4087 sermone

502 4115 648 4192 ipso
714 4113 1000 4174 illustret
1061 4112 1174 4196 (cf.
1221 4134 1285 4194 p.
1338 4117 1460 4192 16).
1560 4114 1881 4195 Denique
1941 4115 2312 4176 notandum
2376 4125 2481 4175 est
2537 4113 2671 4177 Cic.
2728 4115 2958 4176 facere

501 4199 830 4262 Catonem
889 4205 1161 4282 saepius
1211 4224 1330 4264 eos
1382 4206 1558 4265 viros
1606 4203 2039 4277 afferentem,
2090 4207 2203 4285 qui
2252 4203 2605 4284 Scipionis
2637 4212 2706 4264 et
2754 4203 2960 4265 Laelii

683 4361 722 4428 ¹)
762 4361 821 4411 In
868 4361 902 4412 l.
939 4361 990 4411 ΙΙ
1032 4362 1138 4426 „de
1187 4362 1388 4412 divin.“
1431 4361 1461 4430 ξ
1497 4361 1530 4412 8
1575 4378 1637 4413 se
1681 4363 1737 4412 id
1778 4379 1964 4428 agere,
2004 4368 2063 4413 ut
2100 4379 2199 4429 pro
2238 4361 2468 4413 Graecis
2508 4363 2637 4413 viris
2676 4362 2961 4414 Romanos

503 4432 708 4492 afferat,
759 4432 871 4484 Cic.
922 4448 1191 4499 expresse
1231 4434 1363 4484 dicit
1407 4434 1594 4484 verbis
1641 4435 1938 4500 „quodque
1984 4450 2073 4484 me
2117 4435 2357 4485 maxime
2403 4434 2663 4494 delectat,
2720 4435 2961 4500 plurimis

501 4504 701 4554 nostris
749 4504 1023 4570 exemplis
1071 4521 1207 4555 usus
1254 4521 1318 4555 es
1367 4506 1466 4568 (sc.
1509 4503 1744 4571 Quinte,
1784 4505 1838 4555 in
1876 4505 1908 4556 l.
1949 4505 2047 4570 I)“.
2089 4505 2155 4556 cf.
2196 4503 2465 4572 Dynoff,
2514 4505 2768 4556 Caesar's
2807 4507 2960 4557 Anti-

503 4573 640 4624 Cato
681 4575 791 4623 und
833 4575 945 4626 Cio.
986 4575 1124 4628 Cato
1165 4575 1383 4643 (Rhein.
1423 4577 1567 4628 MuS.
1607 4577 1710 4627 Bd.
1741 4575 1825 4637 63,
1870 4576 2022 4639 1908,
2062 4593 2112 4644 p.
2143 4576 2381 4644 592sq.).
