3584 5475
1518 519 1963 579 -17-

686 694 761 755 In
830 714 980 775 cap.
1029 692 1226 757 VIII.
1282 692 1526 757 Catoni
1591 716 1741 757 cum
1813 697 1879 756 in
1922 694 1961 779 ξ
2005 699 2089 757 24
2137 698 2412 757 tertium
2481 705 2961 777 argumentum

506 782 940 845 refutationis
978 782 1507 847 ‚confirmaverit
1563 805 1784 846 versu*
1823 782 2122 859 Caecilii,
2182 785 2483 846 eiusdem
2535 795 2787 866 poetae
2837 786 2967 847 loci

510 873 641 933 duo
678 872 785 934 alii
819 881 1204 958 occurrunt,
1240 875 1484 953 quibus
1513 884 1835 935 senectus
1860 876 2301 954 vituperatur.
2350 872 2487 937 Cic.
2512 876 2613 935 his
2638 876 2965 949 versibuS,

511 963 754 1042 quibus
804 982 843 1023 a
903 964 1014 1024 via
1067 972 1261 1023 recta
1325 965 1537 1043 partis
1595 965 1858 1043 primae
1927 965 2254 1036 abscedit,
2322 964 2681 1044 eleganter
2744 973 2966 1027 trans-

508 1053 819 1131 greditur
851 1052 939 1112 ad
980 1060 1360 1113 extremam
1399 1052 1871 1113 defensionem
1924 1054 2221 1114 criminis
2268 1056 2491 1133 primi:
2548 1073 2751 1113 senes
2800 1055 2961 1115 adu-

508 1140 926 1201 lescentibus
958 1142 1446 1222 praecipiendo
1482 1161 1653 1222 „quo
1689 1162 1901 1222 opere
1936 1138 2096 1203 nihil
2131 1162 2281 1203 esse
2316 1143 2701 1203 iucundius“
2735 1140 2801 1225 (ξ
2835 1140 2963 1225 29),

509 1250 547 1290 a
604 1231 812 1290 rebus
869 1231 1193 1309 gerendis
1251 1250 1385 1291 non
1448 1231 1750 1292 abstrahi
1806 1238 2165 1292 senectute
2215 1229 2281 1315 (ξ
2327 1234 2406 1292 26
2453 1230 2640 1313 init.).
2722 1232 2960 1311 Atque

509 1320 735 1380 verbis
789 1339 957 1395 „nec
1026 1321 1246 1380 minus
1312 1320 1637 1400 intellego
1708 1340 1816 1381 me
1886 1322 2081 1381 Vobis
2148 1341 2349 1401 quam
2413 1321 2573 1381 mihi
2627 1341 2751 1382 vos
2809 1340 2961 1382 esse

506 1408 873 1469 iucundos“
929 1408 1340 1488 lepidissime
1389 1409 1645 1470 indicat
1678 1408 2009 1471 Catonem
2062 1410 2191 1470 hoc
2226 1412 2371 1490 ipso
2420 1430 2757 1482 sermone,
2790 1429 2955 1471 cum

508 1498 988 1559 adulescentes
1055 1499 1368 1560 docendo
1435 1500 1501 1558 in
1568 1507 1927 1560 senectute
1995 1518 2105 1559 res
2163 1508 2356 1578 agat,
2422 1498 2790 1560 adversarii
2855 1519 2960 1559 re-

507 1588 941 1667 prensionem
994 1586 1295 1649 refutare
1345 1586 1457 1670 (cf.
1495 1586 1532 1670 ξ
1569 1590 1650 1649 28
1691 1589 1949 1668 „possis
1996 1596 2228 1649 tamen
2279 1585 2579 1668 Scipioni
2627 1598 2698 1649 et
2729 1586 2959 1649 Laelio

505 1676 997 1757 praecipere“).
1059 1676 1164 1737 Ita
1195 1674 1288 1749 fit,
1325 1685 1394 1737 ut
1430 1679 1737 1738 oratione
1774 1677 1869 1737 de
1910 1686 2269 1738 senectute
2310 1678 2545 1738 habita
2579 1677 2962 1757 disputatur

505 1785 651 1846 pro
701 1773 1083 1826 senectute.

682 1855 1175 1916 Adnotandum
1216 1863 1338 1929 est,
1372 1862 1628 1935 quanto
1666 1854 1946 1916 artificio
1982 1853 2118 1917 Cic.
2152 1858 2215 1915 in
2262 1854 2559 1916 medium
2602 1855 2959 1935 protulerit

507 1952 832 2024 quattuor
879 1946 1077 2023 primi
1125 1945 1475 2025 opprobrii
1522 1953 1950 2025 argumenta,
2002 1965 2177 2025 quae
2212 1964 2487 2025 semper
2520 1944 2646 2005 alia
2695 1945 2957 2005 ratione

504 2034 777 2094 inducit.

682 2120 933 2183 Verbis
972 2123 1134 2199 „sed
1165 2123 1411 2183 videtis
1461 2126 1610 2196 etc“
1663 2122 1869 2183 finem
1918 2122 2086 2184 facit
2130 2124 2391 2203 primae
2439 2124 2679 2202 partis:
2729 2123 2957 2183 verbis

510 2219 622 2289 „ut
669 2221 989 2272 senectus
1039 2231 1172 2272 non
1224 2213 1427 2294 modo
1479 2212 1802 2292 languida
1860 2220 2068 2292 atque
2125 2214 2307 2273 iners
2364 2232 2499 2273 non
2548 2214 2659 2284 sit,
2716 2231 2953 2273 verum

505 2302 707 2361 etiam
779 2302 866 2361 sit
933 2321 1222 2381 operosa
1289 2310 1361 2361 et
1425 2321 1701 2382 semper
1759 2321 1979 2381 agens
2028 2301 2277 2382 aliquid
2336 2309 2407 2361 et
2465 2300 2786 2362 moliens“
2842 2301 2955 2361 ad-

506 2392 781 2450 versarii
815 2392 1226 2451 sententiam
1265 2392 1328 2450 in
1366 2393 1776 2451 contrarium
1816 2393 2171 2469 convertit,
2204 2392 2434 2451 Verbis
2474 2390 2648 2469 „tale
2682 2390 2957 2463 scilicet,

505 2480 706 2559 quale
756 2481 1084 2560 cuiusque
1133 2478 1450 2561 (virorum
1506 2481 1570 2540 in
1605 2500 1680 2541 re
1729 2480 2002 2561 publica
2034 2482 2470 2547 versantium.
2518 2481 2956 2559 privatorum,

503 2571 940 2641 rusticorum,
1007 2568 1484 2629 adulescentes
1552 2569 1973 2651 docentium)
2040 2571 2103 2630 in
2172 2571 2523 2650 superiore
2589 2570 2730 2631 vita
2787 2567 2949 2628 fuit“

503 2676 835 2718 summam
889 2657 1057 2719 facit
1103 2678 1358 2733 eorum,
1409 2678 1586 2740 quae
1623 2667 1860 2720 contra
1899 2660 2337 2740 opprobrium
2374 2660 2659 2739 primum
2716 2657 2957 2718 attulit.

681 2747 795 2808 Ad
829 2757 1212 2828 extremum
1247 2745 1418 2809 Cato
1459 2759 1960 2810 commemorat
1993 2768 2129 2828 eOS‚
2168 2751 2323 2828 „qui
2357 2750 2558 2809 etiam
2596 2748 2957 2808 addiscunt

503 2836 818 2917 aliquid·‘,
887 2837 1180 2897 afferens
1230 2835 1497 2899 Solonis
1546 2858 1837 2912 versum,
1884 2841 2090 2918 ipsius
2157 2839 2597 2917 cupiditatem
2653 2837 2955 2898 discendi

501 2925 731 2986 literas
781 2923 1114 2997 GraecaS,
1162 2924 1465 2988 Socratis
1536 2930 1716 2989 senis
1782 2928 2074 2988 studium
2146 2929 2309 2988 artis
2377 2929 2691 2988 musicae.
2805 2925 2955 2986 Hac

501 3016 846 3076 sententia
911 3035 1244 3076 summum
1327 3017 1615 3094 gradum
1695 3019 2070 3077 senectutis
2136 3018 2221 3077 ab
2302 3017 2667 3096 opprobrio
2735 3017 2953 3095 primo

503 3104 978 3165 defendendae
1049 3114 1459 3165 consecutus
1516 3104 1650 3166 Cic.
1709 3114 1870 3184 apte
1929 3107 2214 3184 primam
2276 3113 2544 3183 partem
2604 3104 2686 3164 ad
2749 3102 2952 3163 finem

499 3195 831 3273 perducit.

675 3282 1234 3344 Perscrutatione
1301 3285 1514 3364 partis
1578 3285 1841 3363 primae
1906 3284 2147 3343 iterum
2200 3281 2404 3362 plane
2463 3279 2953 3343 confirmantur

501 3393 602 3446 ea,
636 3393 816 3453 quae
851 3393 1057 3454 supra
1093 3374 1178 3432 de
1201 3370 1334 3435 Cic.
1367 3375 1734 3454 propositis
1768 3374 2207 3453 exposuimus
2248 3372 2631 3451 eademque
2667 3378 2954 3450 apparet

385 3471 410 3493 '·
500 3461 677 3522 hanc
745 3471 1011 3542 partem
1076 3462 1591 3546 diligentissime
1661 3463 2109 3542 compositam
2172 3481 2342 3523 esse.
2434 3460 2664 3522 Unum
2727 3461 2953 3536 etiam,

421 3612 446 3618 ,,
501 3551 684 3630 quod
757 3551 977 3611 adhuc
1039 3553 1256 3624 omisi,
1329 3552 1572 3612 addam
1643 3554 1917 3631 saepius
1986 3552 2273 3613 orationi
2329 3553 2733 3631 interposita
2799 3568 2951 3609 esse

496 3638 808 3713 frustula,
858 3651 1034 3719 quae
1084 3649 1319 3701 nostro
1371 3660 1560 3701 more
1621 3643 1809 3701 uncis
1856 3640 2257 3701 includimus
2306 3637 2436 3724 (ἐξ
2434 3643 2505 3701 3.
2550 3643 2606 3700 5.
2641 3643 2699 3701 9.
2732 3637 2816 3702 cf.
2848 3640 2953 3700 44.

499 3727 582 3789 cf.
617 3728 720 3788 ed.
755 3727 1039 3809 Moorii).
1116 3729 1377 3790 Idcirco
1427 3728 1597 3789 falso
1647 3731 1769 3789 viri
1812 3729 1997 3790 docti
2040 3729 2338 3789 nonnulli
2391 3737 2463 3789 ut
2500 3727 2954 3807 Lahmeyer

499 3816 634 3895 (ed.
671 3814 772 3877 IV
807 3814 1082 3878 Catonis
1122 3816 1318 3898 1873)
1369 3825 1441 3876 et
1487 3816 1943 3898 Liitjohann
1979 3817 2041 3898 (l.
2075 3837 2129 3879 c.
2168 3837 2231 3898 p.
2267 3819 2393 3880 503
2430 3817 2582 3878 adn.
2620 3814 2699 3898 1.)
2740 3817 2953 3877 verba

503 3906 900 3982 „discebant
950 3907 1126 3966 enim
1164 3905 1408 3966 fidibus
1449 3908 1748 3986 antiqui“
1789 3904 1862 3990 (ξ
1890 3906 1999 3987 26)
2034 3906 2557 3978 damnaverunt,
2607 3925 2783 3986 quae
2817 3907 2948 3966 iam

500 3954 695 4057 Otto
718 3994 777 4076 (l
792 4014 847 4056 e.
862 4014 926 4075 p.
945 3995 1096 4076 103)
1111 3993 1238 4056 alia
1265 3996 1351 4056 de
1374 4015 1582 4056 causa
1601 4004 1792 4056 recte
1818 3995 2126 4114 defendit
2144 3994 2255 4076 (cf.
2268 3994 2464 4056 Tusc.
2484 3994 2675 4075 Disp.
2692 3993 2737 4066 Ι,
2772 3998 2829 4066 2,
2862 3993 2953 4075 4).

672 4262 1013 4324 Particula
1047 4265 1253 4341 „nec“
1292 4283 1476 4343 pars
1510 4261 1603 4325 II.
1639 4264 1725 4324 ad
1758 4261 1961 4324 finem
1996 4261 2051 4324 I.
2085 4264 2295 4343 partis
2338 4260 2402 4346 (ξ
2437 4266 2519 4324 26
2554 4260 2760 4344 med.)
2802 4268 2949 4322 arte

498 4354 902 4414 annectitur.
965 4350 1219 4414 Contra
1253 4353 1539 4414 alterum
1573 4355 1948 4414 senectutis
1983 4353 2423 4432 opprobrium
2456 4349 2625 4413 Cato
2658 4352 2949 4432 primum

497 4440 560 4526 (ξ
593 4438 796 4524 ‘27s29
832 4441 1038 4522 med.)
1088 4443 1181 4502 ita
1230 4442 1548 4523 disputat,
1597 4451 1670 4502 ut
1703 4443 2093 4503 adversario
2129 4442 2469 4503 concedat
2516 4447 2943 4502 senectutem

496 4549 746 4611 corpus
778 4529 1010 4592 facere
1045 4529 1386 4604 infirmiuS‚
1421 4540 1727 4593 attamen
1765 4540 1981 4611 neget
2013 4532 2143 4592 hoc
2185 4539 2664 4611 argumentum
2699 4529 2947 4601 valere,

602 4651 818 4694 Schr'oter.
2290 4704 2293 4708 .
2564 4653 2598 4702 2
