3584 5475
1641 564 2087 621 -52—

771 735 807 821 ξ
846 741 921 799 17
956 758 1089 798 non
1123 736 1375 798 viribus
1409 750 1527 799 aut
1563 737 1808 799 veloci·
2055 760 2109 800 c,
2152 743 2246 811 10,
2283 760 2344 820 p.
2372 742 2495 801 789
2521 739 2602 801 D.
2687 739 2831 809 τοὺς
2874 741 2942 803 δὲ
2986 748 3100 803 τοῦ

636 836 780 887 tate
804 837 920 887 aut
945 828 1294 888 celeritate
1313 847 1674 907 corporum
1697 848 1809 888 res
1919 828 2239 891 Βουλαίου
2299 864 2381 873 -·
2440 828 2586 898 Διὸς
2650 830 2964 911 ὑπηρέτας
3020 832 3099 893 οὗ

639 936 932 995 magnae
966 926 1318 996 geruntur,
1368 916 1488 977 sed
1530 917 1807 979 consilio
1917 918 2142 980 ποδῶν
2182 920 2334 999 ἔργα
2378 918 2487 981 καὶ
2526 924 2756 1000 χειρῶν
2799 920 3097 982 ἀπαιτοῦ-

638 1007 1046 1066 auctoritate
1089 1008 1448 1066 sententia.
1513 1006 1597 1067 cf.
1633 1003 1669 1090 ξ
1710 1009 1808 1068 19.
1881 1030 2051 1087 -μεν,
2120 1007 2271 1077 ἀλλὰ
2337 1007 2571 1088 βουλῆς
2636 1008 2744 1070 καὶ
2793 1011 3100 1089 προνοίας

1861 1146 1865 1159 .
1917 1096 2024 1157 καὶ
2070 1096 2263 1177 λόγου
2300 1132 2364 1141 ——
2415 1103 2567 1158 νοῦν
2606 1098 2859 1178 ἔχοντος
2904 1098 3029 1159 κτλ.

771 1198 807 1283 ξ
845 1203 923 1261 61
967 1202 1255 1261 honeste
1301 1211 1455 1263 acta
1499 1205 1809 1282 superior
2052 1223 2116 1283 p.
2184 1205 2306 1265 789
2350 1202 2403 1263 F
2484 1204 2616 1285 (τῆς
2692 1205 3095 1286 φρονήσεως)

637 1298 828 1350 aetas
871 1288 1128 1350 fructus
1163 1292 1345 1371 capit
1385 1294 1807 1353 auctoritatis
1917 1293 2216 1373 καθάπερ
2296 1293 2665 1373 ὀψικάρπου
2745 1300 2946 1375 φυτοῦ
3027 1294 3095 1355 τὸ

637 1388 1002 1440 extremos,
1201 1432 1206 1435 .
1633 1440 1638 1448 ‚
1918 1383 2148 1444 οἰκεῖον
2180 1381 2432 1463 ἀγαθὸν
2456 1418 2533 1427 -——
2559 1383 2625 1444 ἒν
2657 1384 2819 1464 γήρᾳ
2847 1382 3027 1464 μόλις
3055 1384 3093 1465 ’ἦ

961 1548 968 1554 ,
1919 1471 2053 1539 ύσις
2098 1470 2559 1552 φάποδίδωσιν.
2972 1545 2975 1550 ¹

768 1576 928 1655 §ea
970 1574 1140 1636 tales
1170 1578 1420 1637 vires—
1447 1586 1517 1637 ut
1543 1577 1806 1637 adules-
1937 1630 1943 1635 .
2052 1598 2105 1640 c,
2150 1583 2219 1640 19.
2272 1598 2333 1658 p.
2372 1580 2497 1639 790
2531 1578 2602 1639 E.
2650 1580 2707 1641 εἰ
2750 1578 2852 1641 διὰ
2896 1579 3098 1659 μηδὲν

635 1674 876 1724 centes
928 1664 1176 1726 doceat
1223 1674 1352 1727 etc.
1917 1667 2066 1729 ἄλλο
2127 1674 2217 1748 τῷ
2280 1674 2518 1748 γέροντι
2572 1668 2856 1737 παιδείας
2910 1670 3094 1730 ἕνεκα

1914 1762 2042 1818 τῶν
2068 1758 2232 1819 νέων
2263 1756 2371 1819 καὶ
2392 1756 2797 1825 διδασκαλίας
2814 1758 3095 1819 πολιτευ-

1914 1847 2052 1907 τέον
2102 1846 2276 1908 ἐστίν.

766 1950 937 2030 ξ35.
993 1952 1093 2011 At
1122 1952 1188 2011 id
1222 1950 1620 2032 (imbecillos
1652 1972 1803 2013 esse
2050 1971 2104 2013 e.
2161 1955 2237 2015 15
2302 1972 2363 2032 p.
2412 1956 2530 2014 791
2579 1952 2663 2013 D.
2730 1954 2791 2015 οῖ
2855 1953 2923 2015 δὲ
2985 1953 3097 2022 τὰς
3201 1950 3211 1957 ’

633 2038 860 2121 senes)
925 2040 1196 2119 quidem
1260 2060 1396 2102 non
1453 2043 1802 2121 proprium
1914 2041 2269 2121 ἀρρωστίας
2287 2042 2791 2123 προβαλλόμενοι
2812 2080 2874 2087 --—
2899 2043 3094 2105 νόσου

634 2131 1007 2191 senectutis
1041 2131 1274 2190 vitium
1311 2141 1433 2203 est,
1466 2130 1587 2190 sed
1621 2150 1803 2191 com·
1912 2130 2153 2211 μᾶλλον
2191 2133 2229 2212 ἢ
2262 2132 2477 2212 γήρως
2505 2138 2954 2213 κατηγοροῦσι·
2986 2132 3095 2194 καὶ

635 2236 838 2278 mune
887 2218 1309 2283 valetudinis,
1915 2218 2035 2300 γὰρ
2076 2220 2203 2281 νέοι
2235 2220 2454 2287 πολλοὶ
2484 2220 2789 2289 νοσώδεις
2820 2221 2926 2283 καὶ
2958 2222 3091 2301 ῥω-

1753 2356 1756 2359 .
1875 2323 1883 2329 “
1911 2308 2133 2388 μαλέοι
2185 2310 2481 2389 γέροντες.

767 2413 904 2492 §17
930 2433 1038 2473 res
1061 2433 1356 2493 magnae
1379 2422 1799 2493 geruntur—
2048 2435 2101 2477 c.
2141 2418 2220 2477 16
2266 2435 2328 2495 p.
2368 2420 2491 2477 792
2526 2416 2607 2477 D.
2658 2417 2696 2497 ἡ
2735 2421 2865 2478 τῶν
2910 2417 3089 2479 πολι-

633 2502 909 2563 consilio
975 2504 1384 2563 auctoritate
1441 2506 1803 2567 sententia.
1912 2510 2103 2567 τικῶν
2141 2506 2281 2577 ἕξις,
2315 2505 2749 2587 εὐβουλίαικαὶ
2784 2506 3093 2587 φρόνησις

1911 2594 2018 2655 καὶ
2045 2593 2408 2675 δικαιοσύνη
2441 2630 2515 2637 -
2544 2595 2831 2675 ἐμπειρία
2866 2618 3091 2676 στοχα-
3200 2603 3205 2609 ’

1913 2682 2085 2764 στικὴ
2135 2688 2380 2764 καιρῶν
2425 2683 2533 2746 καὶ
2578 2682 2789 2765 λόγων
2836 2685 2960 2747 κτλ.

766 2789 906 2868 §28
930 2797 1036 2850 est
1057 2789 1346 2850 decorus
1367 2792 1548 2850 senis
1574 2809 1801 2851 sermo
2049 2810 2103 2851 e.
2146 2793 2220 2853 18
2264 2810 2326 2870 p.
2362 2793 2489 2851 793
2527 2792 2591 2850 A
2626 2800 2793 2852 extr.
2843 2791 2932 2872 μὴ
2979 2791 3091 2854 τὸν

635 2879 902 2958 quietus
969 2887 1041 2938 et
1106 2881 1428 2940 remissus
1495 2880 1799 2959 facitque
1912 2878 2063 2952 ὀξὺν
2123 2881 2258 2960 ἅμα
2318 2879 2425 2941 καὶ
2481 2881 2780 2959 σύντονον
2837 2880 3091 2946 διώκειν

630 2986 755 3046 per
801 2987 876 3028 se
925 2969 1070 3047 ipse
1111 2969 1238 3028 sibi
1277 2969 1710 3029 audientiam.
1913 2970 2206 3049 γέροντας
2255 2969 2634 3050 γενομένους
2680 2969 2804 3031 κτλ.

766 3074 910 3154 §17
947 3095 1081 3136 non
1117 3076 1371 3135 viribus
1405 3085 1522 3135 aut
1555 3075 1799 3136 veloci·
2045 3096 2099 3139 c,
2145 3078 2227 3137 28
2294 3096 2359 3156 p.
2405 3077 2528 3137 797
2590 3076 2660 3138 E.
2718 3077 2795 3138 οὗ
2854 3076 2973 3156 γὰρ
3023 3079 3091 3139 αῖ

631 3170 774 3222 tate
855 3175 970 3224 aut
1047 3163 1398 3224 celeritate
1479 3173 1606 3226 ete.
1695 3163 1801 3241 (cf.
1910 3171 2109 3246 χεῖρες
2165 3166 2353 3246 ἡμῶν
2405 3162 2543 3226 οὐδ’
2596 3167 2661 3227 αἱ
2704 3165 2898 3235 πόδες
2946 3164 3083 3228 οὐδ’

630 3251 880 3334 supra.)
1601 3280 1604 3284 ·
1910 3255 1949 3336 ἡ
1996 3260 2105 3316 τοῦ
2140 3256 2435 3334 σώματος
2476 3255 2669 3336 ῥώμη
2720 3261 2930 3336 κτῆμα
2976 3262 3085 3336 τῆς

1909 3343 2157 3412 πόλεως
2195 3344 2413 3424 μόνον,
2463 3342 2591 3404 ἀλλ’
2639 3345 2677 3425 ἡ
2728 3345 2904 3425 ψυχή
2955 3345 3084 3406 κτλ.

806 3499 1138 3563 Videmus
1206 3522 1293 3563 ex
1359 3503 1716 3563 sententiis
1785 3504 1847 3562 in
1918 3515 2297 3584 conspectu
2362 3502 2709 3564 collocatis
2785 3524 2917 3564 non
2995 3506 3089 3564 ita

560 3633 566 3640 -
631 3610 951 3670 magnam
989 3611 1140 3652 esse
1174 3590 1676 3652 similitudinem
1713 3592 2032 3664 locorum,
2067 3611 2242 3672 quae
2280 3593 2480 3652 etiam
2509 3595 2727 3653 minor
2748 3593 3088 3653 videbitur

631 3699 798 3753 esse,
840 3679 1247 3760 simulatque
1283 3683 1777 3742 sententiarum
1824 3700 2177 3742 connexus
2211 3689 2679 3761 perscrutatus
2715 3701 2805 3741 eS.
2880 3680 3082 3742 Unde

630 3778 918 3849 apparet
949 3768 1381 3831 Plutarchum
1414 3766 1546 3831 Cic.
1582 3769 1820 3831 librum
1860 3790 1993 3830 non
2030 3770 2434 3830 adhibuisse.
2484 3769 2591 3830 Ne
2626 3790 2715 3830 ex
2750 3771 3085 3850 exemplis

632 3858 905 3938 quidem
938 3859 1410 3920 communibus
1439 3860 1508 3919 id
1538 3858 1849 3920 concludi
1883 3867 2133 3939 potest.
2182 3861 2386 3939 Appii
2412 3856 2669 3921 Claudii
2693 3860 3079 3939 exemplum

629 3947 710 4028 (c.
739 3950 820 4008 28
854 3967 917 4027 p.
939 3947 1069 4010 794
1101 3947 1184 4009 D.
1217 3966 1368 4028 sqq.
1382 3967 1395 4020 ;
1431 3945 1601 4009 Cato
1636 3948 1672 4027 ξ
1710 3946 1817 4030 16)
1851 3947 2254 4008 Plutarchus
2288 3968 2376 4008 ex
2416 3950 2549 4008 vita
2580 3946 2821 4028 Pyrrhi
2858 3949 2941 4028 (C.
2978 3948 3089 4030 18)

627 4038 944 4117 sumpsit;
1009 4036 1402 4098 Masinissae
1456 4057 1544 4097 ex
1591 4036 1876 4117 Polybio
1927 4035 2009 4118 (e.
2056 4041 2134 4098 15
2187 4057 2249 4117 p.
2294 4039 2416 4099 791
2462 4036 2517 4097 F
2522 4059 2563 4114 ,ς
2614 4034 2748 4099 Cio.
2796 4039 2861 4097 in
2913 4034 2949 4121 ξ
3002 4041 3088 4099 34

629 4125 753 4204 alia
809 4126 1092 4203 narrat);
1139 4125 1716 4187 'narratiunculam
1769 4127 1855 4186 de
1904 4124 2245 4205 Sophocle
2295 4147 2459 4187 sene
2512 4126 2779 4187 allatam
2831 4128 2896 4196 in
2946 4146 3001 4187 c.
3044 4128 3084 4189 3

625 4217 850 4296 p..785
885 4216 970 4278 A.
1021 4217 1293 4276 uberius
1342 4224 1618 4276 enarrat
1668 4234 1873 4294 quam
1908 4212 2042 4276 Cic.
2078 4217 2140 4276 in
2175 4216 2212 4296 ξ
2249 4218 2328 4276 22
2364 4213 2673 4287 Catonis;
2725 4213 3087 4295 Sophoclis

627 4305 878 4365 dictum
914 4303 994 4385 (c.
1018 4308 1056 4367 8
1088 4306 1293 4386 p.788
1316 4304 1415 4381 E.;
1451 4303 1620 4366 Cato
1650 4301 1825 4388 §47)
1859 4325 1948 4365 ex
1967 4303 2251 4365 Platone
2285 4307 2450 4384 ipse,
2484 4324 2683 4385 quem
2722 4305 3086 4384 diligenter

625 4393 810 4473 legit,
846 4403 1161 4463 noverat:
1200 4392 1466 4456 Solonis
1500 4395 1752 4454 dictum
1792 4392 1875 4476 (o.
1902 4397 1978 4456 21
2016 4413 2079 4473 p.
2105 4396 2230 4454 794
2263 4393 2364 4458 F.:
2402 4391 2572 4455 Cato
2606 4395 2641 4474 ξ
2672 4394 2773 4470 72)
2812 4395 3086 4454 uberius

623 4484 686 4543 in
738 4483 880 4544 vita
912 4479 1179 4544 Solonis
1227 4481 1616 4564 (c.,30sqq.)
1667 4485 2011 4544 enarravit
2058 4502 2285 4562 neque
2338 4485 2570 4563 magni
2610 4485 2943 4543 momenti
2977 4493 3086 4542 est

621 4574 685 4632 in
725 4570 892 4632 libro
928 4573 1260 4653 ,,εἶ-πρεσβ.
1292 4572 1465 4634 πολ.“
1499 4580 1969 4651 congruenter
2000 4591 2150 4632 cum
2188 4569 2465 4632 Catonis
2500 4573 2725 4632 verbis
2753 4569 3077 4633 Solonem
