3584 5475
502 711 688 788 quasi
747 728 897 769 cum
953 711 1364 770 excessisset
1425 730 1462 769 e
1512 712 1667 782 vita,

501 806 638 857 tum
727 798 1022 878 denique
1098 801 1398 859 victurus
1466 810 1666 860 esset.

504 884 697 965 Quod
722 889 994 967 quidem
1034 890 1094 947 ni
1125 890 1218 948 ita
1250 908 1324 947 se
1363 889 1666 961 haberet,

501 1012 576 1020 —
658 977 836 1037 haud
919 979 1198 1056 optimi
1276 979 1664 1057 cuiusque

1682 534 1762 592 41

1780 712 2167 789 posteritati
2266 711 2679 792 inserviat“).
2802 708 2952 789 Quo

1790 800 2061 878 quidem
2102 799 2384 879 dempto
2411 800 2559 879 quis
2594 809 2779 860 esset
2813 809 2949 859 tam

1786 908 2040 960 amem,
2066 889 2177 967 qui
2206 908 2483 969 semper
2513 890 2576 947 in
2611 888 2953 950 laboribus

1775 985 1850 1037 ‘et
1899 976 2212 1056 periculis
2262 980 2567 1038 viveret?

500 1067 804 1126 animus
837 1068 1176 1126 maxime
1213 1066 1299 1126 ad
1320 1068 1664 1127 immorta-

497 1153 753 1215 litatem
804 1164 876 1215 et
922 1154 1206 1234 gloriam
1260 1157 1608 1217 niteretur.
1715 1172 1723 1230 f

673 1294 884 1358 Vides
941 1297 1262 1358 nonnulla
1319 1299 1404 1358 ad
1474 1300 1753 1359 verbum
1818 1318 2221 1377 congruere.
2328 1297 2607 1378 Singula
2672 1300 2944 1379 quidem

502 1386 766 1447 diversa
815 1396 990 1448 sunt.
1083 1386 1256 1449 Nam
1297 1373 1457 1448 Cios
1479 1388 1654 1448 hanc
1704 1389 2371 1466 argumentationem
2426 1388 2950 1449 immortalitatis

498 1477 698 1536 animi
745 1478 1043 1537 sermoni
1092 1475 1370 1538 Catonis
1405 1477 1953 1537 accommodavit
1986 1478 2073 1545 (in
2117 1478 2303 1537 initio
2340 1476 2581 1537 affines
2615 1476 2949 1556 Scipionis

499 1574 1009 1641 enumerantur3
1077 1567 1364 1627 adicitur
1434 1574 1548 1645 „ut
1615 1567 1699 1626 de
1768 1586 1877 1627 me
1946 1568 2090 1645 ipse
2158 1565 2410 1645 aliquid
2471 1586 2658 1626 more
2709 1587 2947 1627 senum

495 1653 830 1733 glori'eff‘).
922 1654 994 1715 In
1042 1654 1240 1716 Tusc.
1281 1655 1470 1735 Disp.
1521 1655 1700 1716 hunc
1750 1654 1970 1716 locum
2022 1664 2401 1735 sequuntur
2448 1676 2685 1716 versus
2734 1656 2948 1729 Ennii,

497 1745 739 1822 quibus
789 1745 1361 1806 immortalitatem
1401 1765 1474 1804 se
1509 1764 1788 1824 sperare
1840 1744 2017 1806 dicit.
2098 1744 2356 1805 Horum
2398 1744 2568 1805 alter
2614 1748 2949 1825 repetitur

499 1834 560 1891 in
596 1831 634 1915 ξ
674 1836 793 1895 117
851 1845 1059 1913 atque
1109 1834 1438 1906 laudatur,
1489 1834 1672 1913 quod
1721 1834 1958 1894 melior
1996 1835 2079 1894 sit
2122 1838 2322 1914 qua'm
2378 1831 2644 1895 Solonis
2692 1854 2947 1896 versus,

498 1920 620 1982 His
669 1920 803 1984 Cic,
854 1924 1055 1983 etiam
1110 1925 1174 1984 in
1225 1921 1486 1984 Catone
1542 1926 1761 1984 utitur.

749 2062 918 2126 Cato
972 2067 1185 2126 maior
1233 2063 1428 2148 ξ73.
1984 2064 2181 2128 Tusc,
2229 2064 2419 2144 Disp.
2452 2066 2483 2125 1
2529 2066 2565 2145 ξ
2606 2069 2746 2127 117.

625 2170 1182 2252 Solonisquidem
1210 2174 1534 2253 sapientis
1558 2181 1665 2232 est
1908 2172 2149 2233 Melior
2196 2172 2366 2232 Enni
2424 2192 2626 2252 quam
2678 2171 2946 2234 Solonis

495 2260 809 2339 elogium,
871 2281 1004 2342 quo
1071 2282 1142 2321 se
1210 2272 1426 2340 negat
1487 2262 1660 2322 velle
1776 2263 2010 2321 oratic.
2105 2260 2235 2322 Hic
2286 2264 2461 2322 enim
2516 2270 2775 2322 noster:

492 2370 676 2410 suam
752 2362 1037 2411 mortem
1117 2352 1393 2411 dolore
1475 2352 1660 2411 ami·
1906 2348 2153 2411 Nemo
2206 2371 2321 2410 me
2359 2351 2762 2411 dacrumis
2814 2350 2944 2411 de-

492 2458 761 2499 corum
815 2449 893 2499 et
934 2440 1310 2501 lamentis
1353 2460 1660 2501 vacare.
1772 2448 2025 2507 coret,
2094 2441 2381 2519 iuquit,
2450 2460 2595 2501 nec
2655 2438 2945 2501 funera

495 2526 655 2589 Volt
688 2530 896 2589 credo
932 2549 1004 2588 se
1041 2550 1192 2589 esse
1227 2548 1459 2589 carum
1494 2532 1658 2605 suis3
1771 2528 1972 2589 fletu
2022 2528 2275 2589 Faxit.

490 2618 613 2677 sed
650 2619 831 2678 haud
881 2621 1019 2678 scio
1062 2639 1146 2679 an
1199 2638 1258 2677 m
1279 2618 1659 2679 elius'En-
1904 2618 2005 2678 At
2052 2638 2215 2678 vero
2267 2617 2371 2677 ille
2420 2620 2719 2697 sapiens:

492 2708 664 2768 nius:
743 2706 994 2769 Nemo
1076 2728 1190 2768 me
1260 2708 1659 2769 dacrumis
1907 2707 2090 2768 Mors
2141 2727 2296 2769 mea
2346 2728 2429 2768 ne
2495 2717 2790 2769 careat
2857 2708 2944 2770 la-

493 2797 830 2858 decoret
859 2797 1655 2878 nequefunerafletu
1771 2796 2442 2878 crumiS‚linquamus
2469 2800 2700 2858 amicis
2733 2798 2944 2859 Mae-

490 2885 740 2947 Faxit.
1770 2907 2060 2957 rorem,
2132 2895 2203 2946 ut
2266 2886 2639 2958 celebrent,
2668 2882 2672 2888 ¹
2703 2887 2946 2948 funera

621 2975 794 3055 (Non
832 2983 1073 3036 censet
1107 2974 1474 3054 lugendam
1507 2996 1658 3036 esse
1770 2995 1919 3035 cum
1974 2977 2299 3054 gemitu.

491 3074 809 3136 mortem,
890 3084 1088 3146 quam
1189 3065 1658 3125 immortalitas
1905 3064 2010 3143 (cf.
2062 3063 2255 3125 Tusc.
2305 3063 2493 3144 Disp.
2550 3065 2722 3144 §34
2793 3063 2942 3125 finis

488 3155 988 3234 consequatur.)
1712 3156 1716 3199 ¹
1768 3174 2007 3235 versus
2042 3153 2263 3214 Ennii:
2307 3151 2476 3214 Cur?
2512 3153 2715 3214 volito
2753 3156 2941 3214 vivos

1712 3220 1717 3328 l
1770 3263 1895 3322 per
1944 3262 2059 3303 ora
2109 3245 2367 3318 virum.)

664 3385 854 3466 Ipsos
905 3406 1139 3446 versus
1174 3384 1459 3458 SoloniS,
1507 3405 1657 3446 cum
1696 3387 1782 3445 sit
1830 3393 2043 3465 poeta
2076 3377 2399 3457 GraecuS‚
2440 3382 2571 3447 Cic.
2607 3383 2935 3446 Catonem

488 3495 621 3536 non
659 3475 1052 3555 loquentem
1095 3475 1277 3548 facit,
1315 3475 1438 3534 sed
1478 3474 1827 3535 vocabulis
1868 3477 1981 3547 eiS,
2024 3495 2199 3554 quae
2239 3473 2634 3554 significavi,
2669 3475 2939 3547 indicat,

491 3583 666 3643 quae
714 3564 925 3624 verba
963 3562 1230 3645 Solonis
1277 3566 1343 3624 in
1394 3566 1617 3624 animo
1659 3563 1931 3626 habeat.
1999 3563 2072 3624 In
2113 3566 2337 3644 priore
2388 3565 2611 3643 capite
2656 3564 2939 3624 vidimus

487 3657 569 3732 (p.
622 3656 698 3715 31
717 3655 819 3733 sq)
906 3654 1083 3713 hunc
1169 3653 1390 3714 locum
1477 3655 1540 3713 in
1621 3651 1883 3714 Catone
1973 3673 2121 3712 cum
2206 3655 2432 3712 verbis
2490 3663 2591 3712 ¹et
2662 3662 2936 3713 antece-

487 3743 804 3802 dentibus
855 3751 926 3802 et
959 3744 1407 3823 sequentibus
1457 3762 1591 3802 non
1626 3744 1721 3802 ita
1770 3751 1916 3802 arte
1952 3761 2289 3802 conexum
2328 3761 2499 3800 esse.
2566 3741 2937 3802 Praeterea

485 3829 618 3892 Ci'c.
651 3832 879 3892 verbis
911 3829 1190 3893 Catonis
1239 3830 1413 3905 „volt
1444 3831 1649 3892 credo
1699 3851 1773 3890 se
1810 3851 1961 3891 esse
1996 3850 2227 3891 carum
2280 3831 2538 3906 amicis3
2586 3831 2707 3890 sed
2757 3831 2938 3891 haud

483 3923 622 3981 scio
692 3941 772 3980 an
848 3920 1083 3981 melius
1154 3921 1432 3980 Ennius“
1501 3921 1801 3981 indicare
1870 3920 2139 3980 videtur
2204 3939 2276 3979 se
2348 3921 2412 3978 in
2481 3918 2662 3980 Tusc
2747 3919 2936 3998 Disp.
3020 3959 3027 3964 -

485 4007 750 4070 Solonis
814 4029 1052 4070 versus
1119 4030 1250 4070 non
1318 4010 1518 4090 plane
1584 4018 1774 4069 recte
1837 4009 2579 4088 interpretatum-esse.
2676 4008 2799 4068 His
2850 4010 2933 4068 de

485 4101 702 4158 causis
736 4099 1055 4173 adducor,
1107 4108 1177 4158 ut
1225 4101 1515 4159 arbitrer
1549 4095 1682 4160 Cic.
1733 4117 1866 4158 non
1916 4097 2128 4158 solum
2184 4098 2313 4158 hoc
2355 4096 2521 4170 loco,
2570 4098 2690 4157 sed
2729 4099 2930 4158 etiam

439 4191 730 4256 ,ceteris
779 4207 984 4266 supra
1041 4187 1257 4248 allatis
1315 4188 1741 4248 recordatum
1806 4207 1958 4246 esse
2010 4189 2071 4247 in
2135 4183 2419 4266 Catone
2455 4188 2933 4265 componendo

483 4297 745 4350 eorum,
824 4297 1000 4356 quae
1080 4279 1144 4337 in
1213 4275 1408 4336 'susc
1475 4276 1662 4355 Disp.
1731 4276 2224 4354 disputaverat,
2304 4284 2511 4353 atque
2590 4275 2719 4335 hoc
2785 4276 2932 4336 loco

483 4366 792 4426 iudicium
857 4367 941 4424 de
992 4364 1258 4427 Solonis
1310 4386 1506 4425 versu
1566 4366 1627 4423 in
1680 4363 1877 4424 Tusc.
1925 4364 2115 4444 Disp.
2173 4363 2531 4443 prolatum,
2590 4382 2744 4423 cum
2797 4384 2929 4423 non

484 4454 682 4534 plane
732 4465 995 4515 rectum
1047 4465 1248 4526 esset,
1297 4456 1487 4534 quasi
1522 4455 1919 4515 correxisse.
1989 4450 2181 4530 Quae
2218 4453 2442 4532 opinio
2492 4451 2935 4512 confirmatur

483 4545 940 4624 compluribus
991 4543 1152 4604 locis
1201 4544 1342 4603 aliis
1389 4542 1811 4621 Tusc.'Disp.
1862 4549 1933 4600 et
1972 4540 2215 4603 Catoni
2264 4542 2753 4603 communibus
