3584 5475
1633 499 2075 559 —13-

629 697 778 738 cum
832 674 1156 738 infitietur
1190 685 1513 757 oportere
1549 695 1724 749 eum,
1775 678 1889 756 qui
1920 676 2174 737 viribus
2218 675 2521 754 corporis
2562 682 2873 747 careat,
2909 676 3085 734 vires

586 796 591 801 ·
629 768 931 846 corporis
966 766 1377 827 desiderare.
1441 764 1546 845 (cf.
1581 762 1620 848 ξ
1655 767 1735 826 33
1787 784 1962 843 „non
2000 784 2254 845 magno
2291 764 2704 825 desiderio
2738 765 3085 824 tenebitur

627 856 964 932 virium“):
1015 856 1302 933 „decere
1339 856 1452 927 eiS,
1481 874 1656 935 quae
1693 854 1935 932 adsint,
1971 856 2221 914 viribus
2254 854 2514 913 scilicet
2544 854 2847 933 corporis
2886 854 2979 913 uti
3016 863 3086 912 et

623 964 841 1024 agere
890 964 1014 1024 pro
1063 945 1390 1020 viribus“;
1442 963 1576 1004 non
1615 945 1738 1004 nisi
1770 963 1927 1004 veum
1964 942 2425 1004 infirmitatem
2461 944 2767 1022 corporis
2801 942 3080 1002 senilem

629 1053 956 1105 maerere,
1026 1035 1140 1113 qui
1189 1041 1262 1093 ut
1309 1032 1467 1094 Milo
1529 1029 1927 1093 Crotoniata
1990 1034 2364 1112 „nugator“
2428 1040 2615 1093 totus
2676 1050 2925 1112 corpus
2982 1032 3085 1101 sit,

629 1133 870 1183 contra
911 1122 1219 1184 homines
1264 1122 1452 1195 tales,
1498 1121 1733 1201 quales
1766 1121 2022 1193 AeliuS,
2071 1119 2553 1192 Coruncanius
2604 1117 2885 1182 Crassus
2926 1121 3084 1180 iuris

631 1199 920 1277 consu'lti
977 1211 1246 1283 fuerint,
1308 1231 1479 1291 quos
1527 1220 1688 1291 post
1742 1208 2153 1273 Graec-ulum
2213 1210 2393 1271 illum
2454 1229 2857 1271 enumerare
2907 1211 3086 1271 viros

632 1300 985 1362 Romanos
1052 1302 1152 1361 vir
1200 1320 1364 1361 vere
1415 1300 1772 1361 Romanus
1832 1300 2191 1361 confestim
2259 1308 2615 1379 properat,
2680 1300 2934 1360 viribus
2994 1301 3086 1359 uti

631 1391 832 1450 animi
883 1410 1141 1469 easque
1196 1409 1452 1469 „usque
1503 1390 1588 1449 ad
1638 1398 2020 1450 extremum
2094 1390 2396 1469 spiritum
2456 1388 2804 1469 provehi“.
2895 1387 3086 1448 Duas

631 1480 836 1558 igitur
899 1480 1534 1559 argumentationes
1582 1475 1716 1541 Cic.
1767 1478 1967 1539 affert
2024 1486 2263 1539 contra
2322 1479 2694 1540 secundam
2748 1480 3086 1557 vitupera-

631 1569 916 1631 tionem:
980 1570 1269 1649 primam
1320 1570 1500 1629 vires
1551 1570 1855 1647 corporis
1910 1567 2226 1629 sufficere
2280 1567 2366 1628 ad
2420 1567 2761 1647 agendum
2820 1566 3087 1648 aliquid,

631 1657 916 1718 alteram
965 1660 1096 1718 iam
1149 1660 1214 1718 in
1248 1655 1514 1737 Ilparte
1577 1657 1946 1718 adhibitam
2000 1656 2151 1737 plus
2191 1657 2625 1717 tribuendum
2679 1676 2830 1716 esse
2880 1655 3086 1717 facul-

631 1748 884 1807 tatibus
952 1748 1155 1807 animi
1205 1745 1316 1826 (cf.
1367 1765 1602 1807 vocem
1662 1746 2123 1826 ‚,prudentia“,
2188 1765 2363 1826 quae
2439 1745 2749 1806 consulto
2805 1748 2881 1805 ‘in
2952 1744 3085 1805 fine

630 1833 782 1919 §27
827 1838 1052 1916 posita
1103 1845 1224 1909 est,
1283 1843 1354 1895 et
1410 1838 1624 1895 verba
1670 1833 1826 1918 §28
1878 1838 2013 1898 init.
2096 1855 2269 1914 „non
2338 1836 2597 1915 ingenii
2654 1834 2899 1907 solum,
2964 1835 3087 1895 se'd

633 1924 962 2006 virium“).
1064 1924 1211 1985 Has
1273 1924 1438 1984 duas
1509 1927 2143 2004 argumentationes
2208 1944 2335 2005 per
2390 1933 2606 1985 totam
2666 1922 2760 1985 Π.
2817 1932 3084 2004 partem

545 2052 547 2056 .
632 2014 970 2075 adhibitas
1017 2015 1417 2075 videbimus
1498 2013 1570 2073 In
1605 2012 1643 2096 ξ
1679 2016 1760 2075 28
1799 2016 2085 2075 oratoris
2121 2034 2402 2074 munere
2435 2033 2671 2075 senem
2706 2013 2901 2093 fungi
2951 2032 3083 2073 non

631 2122 836 2183 posse
873 2100 1042 2164 Cato
1093 2104 1238 2184 ipse
1291 2104 1529 2179 obicit3
1581 2122 1756 2183 quae
1810 2104 2021 2164 verba
2072 2104 2156 2163 ad
2207 2103 2691 2163 antecedentia
2737 2102 3088 2163 vocabulis

637 2211 810 2267 „non
846 2194 1106 2272 ingenii
1139 2191 1374 2264 solum,
1423 2192 1547 2252 sed
1587 2194 1788 2252 etiam
1831 2229 1910 2235 —-
1945 2195 2224 2253 virium“
2268 2212 2540 2253 annexa
2574 2202 2748 2253 sunt.
2833 2188 3089 2253 Contra

631 2282 808 2341 hanc
844 2282 1296 2342 obiectionem
1339 2282 1499 2342 dicit
1533 2301 1666 2342 non
1705 2302 1945 2342 omnes
1979 2301 2217 2343 vocem
2268 2301 2590 2342 canoram
2628 2283 2693 2341 in
2728 2288 3088 2342 senectute

633 2372 948 2431 amittere
1000 2371 1086 2430 de
1135 2390 1209 2430 se
1259 2372 1433 2450 ipse,
1493 2372 1608 2451 qui
1666 2369 2038 2431 LXXXIV
2097 2390 2311 2431 annos
2380 2371 2580 2431 natus
2649 2381 2780 2443 est,
2848 2389 3084 2430 senum

633 2478 820 2519 more
889 2447 1190 2539 glorians
1249 2456 1362 2541 (cf.
1399 2457 1437 2543 ξ
1478 2464 1556 2522 14
1606 2479 1796 2538 „cum
1862 2480 1997 2539 ego
2055 2459 2251 2520 LXV
2308 2454 2524 2521 annos
2591 2468 2791 2520 natus
2859 2460 3082 2539 legem

631 2546 1009 2609 Voconiam
1084 2568 1337 2628 magna
1394 2568 1565 2609 voce
1627 2556 1698 2609 et
1755 2551 1953 2610 bonis
2009 2549 2333 2611 lateribus
2380 2549 2659 2630 suasi“),
2725 2557 3089 2628 praeterea

639 2639 979 2717 „quietum
1031 2640 1460 2698 sermonem“
1523 2640 1704 2699 senis
1755 2638 2038 2699 multum
2090 2638 2345 2711 valere,
2396 2638 2693 2717 denique
2744 2639 2951 2718 siquis
3001 2656 3087 2697 ne

632 2727 719 2788 ad
768 2727 834 2788 id
868 2727 1142 2808 quidem
1180 2727 1696 2807 exsequendum
1737 2728 1981 2802 valeat,
2032 2737 2264 2789 tamen
2306 2727 2555 2807 „tales“
2595 2729 2773 2788 vires
2824 2727 3085 2796 adesse,

635 2824 705 2876 ut
755 2815 1232 2886 adulescentes
1281 2819 1606 2890 instituat,
1642 2818 1827 2897 quod
1862 2837 2032 2896 opus
2066 2817 2682 2898 praeclarissimum
2718 2814 2782 2900 (ξ
2818 2816 2898 2877 29
2928 2817 3089 2892 init.)

569 2933 576 2936 ·
632 2904 920 2966 illustrat
967 2905 1298 2991 exemplis
1356 2907 1562 2987 ipsius
1623 2915 1696 2966 et
1753 2905 2051 2968 affinium
2105 2903 2441 2987 Scipionis
2491 2905 2601 2988 (cf.
2648 2925 2824 2985 quae
2886 2925 3092 2984 supra

631 3014 694 3073 p.
733 2997 809 3056 17
857 2997 941 3055 ad
987 2993 1142 3078 §26
1194 2994 1528 3078 exposui).
1605 2995 1831 3056 Prima
1880 2998 2087 3076 igitur
2136 2997 2733 3076 argumentatione
2779 2992 2912 3056 Cic.
2960 2995 3089 3055 hac

631 3086 696 3144 in
721 3082 758 3168 ξ
782 3087 1016 3145 utitur:
1051 3104 1283 3144 senem
1328 3087 1441 3158 eis,
1477 3105 1653 3164 quae
1695 3086 1935 3157 adsint,
1969 3087 2222 3146 viribus
2256 3093 2657 3146 contentum
2695 3104 2846 3145 esse
2868 3103 3089 3163 posse,

808 3173 1078 3260 Deinde
1111 3175 1351 3234 eadem
1389 3174 1693 3234 adhibita
1715 3175 2315 3254 argumentatione
2345 3176 2410 3234 in
2444 3174 2521 3254 ἐξ
2544 3177 2624 3235 29
2648 3171 3091 3256 fin.s34drecta

630 3264 738 3322 via
771 3264 1136 3343 impugnat
1161 3266 1418 3324 crimen
1441 3263 1814 3324 secundum
1842 3265 2055 3343 ipsum
2085 3273 2495 3343 argumento
2520 3262 2729 3323 multo
2754 3264 3091 3342 graviore.

631 3352 743 3411 Ad
804 3351 1121 3431 exempla
1170 3354 1349 3412 enim
1401 3372 1656 3425 eorum,
1714 3354 1827 3432 qui
1876 3352 2049 3413 tales
2097 3361 2359 3412 tantum
2412 3355 2591 3413 vires
2642 3353 2960 3423 habeant,
3020 3359 3091 3411 ut

633 3440 1108 3501 adulescentes
1148 3443 1521 3514 instituant,
1580 3443 1821 3501 asserit
1868 3442 2083 3502 isdem
2133 3442 2483 3502 vocabulis
2532 3443 2792 3502 iteratis
2842 3439 3091 3522 („vires

633 3529 1048 3590 defecerint-⁴
1119 3530 1454 3608 „defectio
1499 3529 1816 3613 .virium“)
1866 3551 2018 3590 esse
2068 3532 2271 3598 etiam
2323 3550 2525 3592 senes
2574 3550 2711 3604 eOS,
2774 3532 2882 3611 qui
2936 3548 3087 3590 cum

633 3618 1110 3679 adulescentes
1166 3619 1418 3701 fuerint
1465 3628 1953 3698 temperanteS,
2010 3622 2263 3682 viribus
2312 3619 2621 3681 fruantur
2667 3628 2786 3680 ‘aut
2832 3619 3091 3686 iisdem,

635 3709 876 3788 quibus
935 3710 999 3768 in
1058 3710 1429 3783 iuventute,
1487 3718 1606 3770 aut
1659 3711 1825 3769 satis
1885 3711 2169 3790 magnis.
2264 3707 2484 3788 Quam
2545 3709 2633 3769 ad
2678 3710 3087 3769 sententiam
3168 3711 3177 3718 ‘

630 3797 1092 3858 illustrandam
1175 3797 1375 3859 affert
1436 3800 1765 3877 primum
1840 3795 2118 3878 Cyrum,
2186 3799 2477 3859 deinde
2545 3797 2896 3860 Metellum
2966 3799 3093 3876 ipsi

631 3902 843 3965 pu'ero
884 3889 1256 3966 cognitum,
1307 3889 1421 3967 qui
1469 3887 1832 3948 admodum
1872 3907 2073 3949 senes
2108 3889 2341 3948 iisdem
2380 3887 2526 3948 fere
2560 3888 2811 3948 viribus
2848 3889 3092 3966 quibus

632 3977 697 4035 in
729 3975 1224 4036 adulescentia
1285 3979 1381 4036 usi
1429 3979 1566 4037 sint
1615 3974 1677 4060 (ξ
1725 3975 1853 4060 30),
1910 3985 2070 4036 tum
2133 3974 2242 4059 (ἐξ
2289 3981 2371 4038 30
2414 3975 2669 4057 fin.s33)
2725 3984 3086 4056 postquam

631 4063 941 4125 Nestoris
990 4065 1309 4144 exemplo
1353 4063 1412 4148 (ξ
1450 4065 1559 4147 31)
1600 4066 2166 4127 consuetudinem
2201 4066 2482 4126 senilem
2518 4068 2617 4126 sui
2650 4064 3092 4146 praedicandi

633 4156 1004 4226 excusavit,
1064 4155 1336 4215 uberius
1394 4157 1600 4235 ipsius
1657 4155 1909 4216 bonam
1973 4154 2428 4216 valetudinem
2486 4155 2570 4214 ad
2622 4175 2833 4235 opera
2883 4152 3094 4213 multa

633 4243 1082 4323 exsequenda
1129 4245 1292 4303 satis
1343 4264 1662 4324 magnam
1718 4245 1924 4325 idque
1969 4246 2197 4305 verbis
2236 4243 2520 4323 „vellem
2556 4244 2873 4323 equidem
2912 4243 3087 4302 idem

630 4350 905 4410 possem
966 4332 1241 4412 gloriari
1300 4333 1482 4412 quod
1531 4330 1811 4412 Cyrus'·‘,
1871 4334 2117 4413 quibus
2176 4353 2331 4394 cum
2380 4353 2455 4394 se
2504 4335 2722 4413 ipsum
2773 4334 2903 4393 iam
2958 4350 3091 4392 non

632 4422 892 4482 iuvenis
926 4423 1135 4482 robur
1167 4423 1424 4483 habere
1461 4430 1534 4482 ut
1563 4420 1810 4502 Cyru-m
1852 4430 1922 4482 et
1946 4422 2292 4483 Metellum
2327 4423 2763 4494 concesserit,
2795 4421 3095 4502 oportuit

632 4529 784 4570 eum
848 4510 975 4571 alio
1033 4531 1107 4571 se
1168 4511 1371 4572 modo
1431 4510 1809 4572 defendere
1860 4512 1916 4591 (ξ
1968 4510 2079 4594 33)
2128 4548 2215 4558 -—
2265 4531 2475 4591 quare
2527 4513 2758 4592 pergit
2806 4513 2871 4572 in
2922 4512 2959 4590 ξ
3010 4512 3090 4570 33
