3584 5475
1581 576 2017 635 ...29-

567 755 704 815 init.
753 772 888 814 non
934 772 1086 814 cum
1142 773 1242 826 ea,
1293 772 1495 832 quam
1539 752 1701 813 alias
1737 753 2151 813 admiramur
2186 750 2540 832 diligentia
2571 760 2643 813 et
2681 750 3026 829 elegantia

569 843 867 904 additum
916 862 1087 904 esse..

743 931 848 991 Ex
881 933 998 1002 eiS,
1031 950 1208 1011 quae
1244 931 1330 991 de
1351 939 1550 1011 parte
1573 930 1682 991 m.
1716 932 2174 1011 exposuimuS‚
2222 939 2515 1011 apparet
2540 930 2717 992 hanc
2755 940 3020 1010 partem

571 1040 981 1101 quamquam
1009 1020 1422 1101 lepidissime
1450 1020 1781 1100 disposita
1803 1028 1926 1091 est,
1944 1038 2078 1081 non
2104 1019 2308 1100 plane
2338 1021 2587 1100 ubique
2614 1018 3021 1100 perpolitam

571 1130 718 1171 esse
779 1118 853 1170 ut
900 1118 1133 1190 partes
1173 1111 1668 1171 antecedentes
1721 1108 1778 1189 (ξ
1811 1111 1898 1172 48
1931 1128 1994 1189 p.
2020 1110 2131 1187 243
2182 1106 2219 1193 ξ
2256 1111 2336 1171 65
2368 1128 2431 1189 p.
2457 1110 2579 1186 28).
2647 1108 3022 1189 Praecipue

570 1202 632 1260 in
683 1196 720 1283 ξ
772 1200 854 1261 59
879 1219 980 1279 sq.
1029 1196 1162 1261 Cic.
1219 1200 1286 1259 in
1345 1197 1775 1279 indiligentia
1843 1198 2437 1279 deprehendimus,
2538 1195 2681 1260 Sed
2744 1218 2898 1260 cum
2956 1199 3023 1258 in

569 1290 902 1369 prioribus
923 1290 1290 1351 viderimus
1312 1286 1596 1349 Tullium
1622 1290 1688 1348 in
1726 1290 1951 1349 animo
1976 1288 2231 1350 habere
2256 1307 2483 1349 mores
2502 1289 2685 1350 senis
2704 1307 3023 1349 sermone

570 1380 715 1458 ipso
751 1378 1135 1458 depingere
1169 1396 1300 1438 nec
1341 1396 1476 1438 non
1517 1379 1665 1457 ipsa
1696 1378 1761 1437 in
1798 1378 1927 1438 hac
1961 1385 2159 1458 parte
2194 1377 2514 1439 nonnulla
2546 1378 3021 1450 invenerimuS,

571 1488 745 1547 quae
781 1469 942 1548 quin
977 1466 1287 1530 consulto
1324 1486 1363 1527 a
1395 1464 1530 1529 Cic.
1564 1477 1807 1527 contra
1828 1466 2022 1545 leges
2056 1469 2379 1529 orationis
2413 1467 2596 1529 clare
2630 1475 2703 1528 et
2735 1466 3024 1528 dilucide

572 1558 938 1637 dispositae
972 1558 1228 1637 scripta
1261 1558 1412 1628 sint,
1445 1555 1694 1617 nullum
1732 1558 1820 1616 sit
1859 1555 2155 1628 dubium,
2190 1555 2390 1617 nolim
2417 1576 2571 1618 cum
2592 1555 3025 1638 Liitjohanno

572 1655 688 1707 aut
727 1644 988 1708 Ottone
1022 1654 1265 1726 putare
1299 1646 1478 1707 hanc
1511 1654 1776 1726 partem
1818 1664 2074 1725 magna
2106 1665 2259 1707 cum
2302 1646 2752 1726 neglegentia
2769 1654 3026 1707 retrac-

573 1745 779 1797 tatam
844 1755 1015 1796 esse.
1106 1734 1477 1796 Praeterea
1542 1733 1928 1816 Liitjohann
1998 1737 2146 1815 ipse
2200 1734 2257 1815 (1.
2314 1754 2371 1799 c,
2419 1754 2483 1815 p.
2531 1737 2660 1798 498
2683 1738 2805 1815 sq.)
2865 1734 3028 1795 dicit

571 1824 1027 1887 difficillimum
1084 1844 1237 1886 esse
1289 1826 1354 1885 in
1407 1823 1865 1905 agriculturae
1916 1824 2114 1885 laude
2164 1832 2397 1904 partes
2445 1833 2687 1905 postea
2737 1826 3025 1885 insertas

503 1915 516 1928 ³
572 1934 611 1975 a
657 1916 994 1995 prioribus
1041 1933 1424 1977 secernere.
1490 1913 1669 1974 Nihil
1706 1913 1883 1974 aliud
1934 1914 2259 1975 contendi
2306 1922 2540 1993 potest
2588 1915 2711 1974 nisi
2759 1920 3025 1993 partem

572 2005 838 2065 tertiam
867 2003 1203 2065 nonnullis
1227 2003 1390 2065 locis
1424 2005 1643 2064 minus
1664 2003 2033 2082 diligenter
2052 2005 2501 2083 compositam
2530 2022 2699 2064 esse.
2733 2002 3031 2063 Accedit

573 2093 755 2173 quod
777 2095 841 2153 in
876 2102 1120 2173 quarta
1150 2102 1346 2173 parte
1379 2092 1589 2154 multo
1612 2092 1841 2172 plures
1863 2091 1990 2154 loci
2012 2100 2306 2166 exstant,
2338 2094 2582 2173 quibus
2604 2091 3028 2165 offendimur,

574 2190 780 2262 atque.
814 2190 1058 2262 postea
1090 2183 1473 2243 videbimus
1509 2182 1684 2242 hanc
1720 2181 2210 2261 indiligentiam
2250 2202 2340 2243 ex
2373 2181 2677 2243 fontibus
2710 2182 3029 2242 adhibitis

574 2290 712 2332 non
752 2274 916 2331 satis
965 2280 1286 2333 accurate
1335 2273 1514 2332 inter
1547 2291 1622 2331 se
1661 2273 2125 2351 compensatis
2158 2271 2632 2351 explicandam
2672 2291 2842 2344 esse,
2892 2290 3026 2332 non

575 2381 662 2420 ex
709 2362 1220 2433 retractatione,
1270 2361 1332 2422 id
1384 2360 1566 2441 quod
1618 2358 2005 2441 Liitj0hann
2056 2368 2127 2420 et
2177 2358 2344 2422 Otto
2394 2362 2716 2440 suspicati
2766 2369 2940 2422 sunt.

753 2589 1134 2671 Quartam
1185 2594 1881 2673 vituperationem
1932 2593 2305 2654 senectutis
2338 2591 2575 2653 falsam
2614 2612 2767 2653 esse
2809 2594 3028 2672 primo

499 2721 518 2740 .
573 2684 637 2742 in
663 2683 846 2744 initio
870 2683 1268 2744 brevissime
1291 2681 1628 2744 refutatur
1653 2683 1994 2744 sententia
2020 2700 2303 2763 „quae-
2326 2690 2563 2743 aetern
2575 2688 2681 2743 us“
2704 2682 2763 2762 (ᾖ
2782 2683 2863 2744 66
2878 2679 3027 2760 fin.).

576 2769 837 2850 Quibus
869 2774 1096 2833 verbis
1132 2773 1366 2834 divisio
1403 2793 1494 2832 ex
1525 2771 1724 2836 Tusc.
1749 2771 1936 2852 Disp.
1960 2771 2065 2849 (cf.
2100 2793 2163 2853 p.
2199 2774 2280 2833 39
2295 2774 2418 2852 sq.)
2452 2782 2727 2852 sumpta
2759 2773 3024 2832 subest:

575 2869 862 2923 mortem
889 2863 1035 2922 seni
1057 2862 1428 2922 timendam
1457 2881 1591 2922 non
1616 2881 1788 2934 esse,
1820 2863 1875 2922 si
1896 2864 2159 2923 animus
2182 2863 2627 2942 extinguatur
2646 2858 2749 2945 (ἕξ
2786 2862 2865 2924 67
2874 2857 2899 2945 s
2907 2863 3028 2939 76),

575 2971 723 3011 eam
775 2950 884 3011 vel
944 2951 1338 3030 optandam,
1384 2953 1436 3012 si
1489 2953 1751 3011 animus
1800 2951 2197 3012 immortalis
2245 2952 2333 3011 sit
2379 2949 2481 3034 (ἐξ
2516 2947 2719 3035 77s84
2741 2949 2825 3012 cf.
2875 2949 3024 3012 adn.

574 3039 900 3117 Moorii).
949 3037 1091 3101 Sed
1111 3038 1282 3102 Cato
1318 3060 1467 3102 cum
1505 3040 1720 3100 altera
1749 3043 1815 3101 in
1850 3050 2045 3120 parte
2070 3043 2363 3102 animum
2399 3040 2850 3101 immortalem
2875 3043 3026 3100 esse

575 3130 912 3202 ostendat,
953 3131 1018 3190 in
1053 3131 1270 3209 prima
1304 3129 1653 3209 particula,
1687 3149 1809 3190 cur
1829 3131 2053 3190 animo
2078 3131 2417 3190 exstincto
2443 3149 2624 3190 mors
2658 3129 3029 3189 metuenda

576 3238 710 3279 non
746 3219 848 3290 sit,
882 3238 1016 3279 non
1042 3219 1487 3293 demonstrat,
1520 3219 1777 3280 scilicet
1808 3227 2196 3299 propterea,
2230 3218 2418 3299 quod
2452 3217 2732 3280 alteram
2773 3219 3028 3297 opinio-

575 3327 726 3367 nem
767 3327 995 3369 veram
1035 3327 1185 3368 esse
1207 3309 1333 3369 sibi
1355 3310 1720 3388 persuasit,
1753 3309 1878 3368 sed
1900 3310 2200 3389 exponit,
2236 3328 2445 3389 quare
2479 3309 2847 3388 praecipue
2881 3309 3023 3367 seni

575 3395 724 3456 finis
755 3399 938 3458 vitae
973 3398 1314 3458 timendus
1347 3418 1484 3459 non
1517 3400 1620 3471 sit,
1652 3399 1962 3478 quamvis
1993 3418 2129 3458 non
2162 3397 2369 3477 longe
2393 3398 2570 3458 absit
2591 3417 2630 3457 a
2651 3405 3029 3458 senectute.

572 3484 858 3547 —Voce
892 3495 1379 3568 „quamquam“
1417 3507 1572 3548 usus
1607 3488 1694 3547 ab
1730 3487 1767 3567 ξ
1796 3490 1873 3548 67
1911 3507 1986 3547 se
2022 3488 2363 3548 convertit
2396 3487 2482 3546 ad
2514 3487 3028 3547 contentionem

576 3575 1032 3637 adulescentis
1056 3585 1125 3636 et
1147 3577 1346 3637 senis,
1379 3575 1675 3637 Primum
1705 3577 2007 3637 ostendit
2028 3585 2317 3637 mortem
2342 3574 2759 3636 adulescenti
2782 3575 3027 3636 eodem

575 3665 779 3725 modo
833 3664 936 3726 vel
988 3666 1211 3745 potius
1252 3667 1557 3727 crebrius
1602 3667 1958 3726 imminere
2020 3685 2219 3745 quam
2273 3666 2437 3725 seni.
2532 3661 2791 3742 Quibus
2840 3664 3030 3724 addit

575 3756 983 3815 sententiam
1037 3774 1125 3815 ex
1176 3753 1310 3815 fine
1364 3755 1517 3834 §20
1569 3756 1955 3835 repetitam.
2036 3752 2186 3833 Qua
2252 3754 2674 3833 digressione
2727 3752 2833 3833 (cf.
2866 3773 2930 3833 p.
2965 3753 3026 3829 9)

576 3845 857 3924 cogitur·
911 3845 1159 3905 iterare
1233 3852 1544 3924 quartum
1619 3846 1875 3905 crimen
1936 3845 2275 3904 senectuti
2342 3862 2492 3904 cum
2563 3841 3028 3904 adulescentia

577 3951 938 3995 commune
1000 3952 1168 3996 esse.
1247 3933 1444 3994 Initio
1488 3933 1525 4014 ξ
1570 3935 1651 3994 68
1689 3933 1867 3994 hanc
1918 3935 2202 4013 primam
2249 3930 2733 3992 refutationem
2777 3950 3025 3992 causae

576 4031 878 4102 quartae,
933 4023 1150 4103 „quod
1205 4032 1528 4084 senectus
1583 4022 1768 4083 haud
1825 4021 2060 4101 procul
2108 4023 2287 4082 absit
2334 4041 2373 4082 a
2423 4026 2695 4093 morte“,
2743 4020 3030 4081 illustrat

577 4110 910 4172 nonnullis
959 4111 1291 4190 exemplis
1341 4110 1642 4173 affinium
1693 4113 1900 4190 ipsius
1950 4120 2022 4172 et
2068 4109 2419 4191 Scipionis

751 4199 1024 4260 Deinde
1070 4201 1494 4262 obiectiones
1545 4201 1914 4262 adversarii
1965 4199 2473 4261 adulescentem
2528 4199 2783 4260 habere
2831 4218 3023 4278 spem

577 4289 823 4350 diutius
858 4289 1144 4362 vivendi,
1191 4310 1428 4351 senem
1471 4310 1606 4351 non
1648 4289 1907 4350 habere
1941 4289 2190 4351 refellit
2220 4291 2315 4350 ita
2347 4286 2480 4348 fine
2516 4286 2553 4371 ξ
2590 4290 2691 4361 68,
2741 4295 2813 4348 ut
2846 4289 3030 4349 dicat

576 4377 751 4439 illam
803 4398 994 4458 spem
1047 4380 1446 4459 insipienter
1494 4381 1753 4460 sperari
1817 4387 2026 4459 atque
2096 4387 2381 4439 mortem
2452 4378 2595 4438 seni
2663 4397 2746 4438 eo
2810 4378 3028 4437 minus

577 4467 945 4528 timendam
1001 4487 1170 4541 esse,
1222 4469 1404 4548 quod
1452 4471 1592 4529 vita
1639 4463 1767 4528 iam
1826 4488 1982 4529 usus
2030 4469 2132 4530 sit.

755 4554 925 4616 Tum
977 4559 1042 4616 in
1093 4557 1170 4637 ἐξ
1205 4559 1406 4639 69s70
1443 4567 1683 4618 contra
1732 4559 2140 4618 sententiam
2196 4565 2301 4631 „at
2347 4565 2582 4636 sperat
2630 4555 3030 4617 adulescens

579 4645 685 4706 diu
737 4665 811 4706 se
845 4647 1214 4707 victurum“
1269 4666 1435 4707 voce
1487 4647 1666 4720 ,‚diu“
1715 4648 2011 4726 repetita
2060 4647 2363 4726 disputat
2410 4647 2613 4706 etiam
2668 4647 2731 4705 in
2766 4664 3028 4705 summo
