3584 5475
1715 543 2158 602 —16—

706 717 986 799 Optime
1035 728 1193 799 post
1225 728 1505 797 senatus
1541 720 1950 800 exemplum,
2002 717 2039 803 ξ
2078 722 2176 793 19,
2212 718 2369 801 9s10
2405 719 2781 781 afferuntur
2812 719 3161 781 Lacedae-

705 810 1080 870 moniorum
1155 809 1640 889 „amplissimus
1700 810 2181 889 magistratus“
2250 817 2321 869 et
2374 809 2768 889 exemplum
2833 819 3163 871 externae

703 900 932 979 gentis
981 919 1020 959 a
1053 898 1275 963 stultis
1310 893 1859 959 adulescentibus
1912 898 2371 959 labefactatae
2414 906 2818 960 exornatum
2854 901 3163 960 versibus

702 986 960 1049 Naevii.

882 1074 960 1160 ἓξ
999 1074 1198 1156 15l20
1243 1074 1377 1139 Cic.
1420 1072 1666 1138 *contra
1713 1077 1760 1139 I.
1809 1078 2186 1138 senectutis
2234 1078 2489 1138 crimen
2543 1077 2915 1158 disputavit
2960 1098 3162 1138 senes

703 1174 965 1227 tantum
1021 1158 1282 1241 abesse,
1331 1175 1403 1227 ut
1452 1187 1489 1227 a
1538 1168 1743 1227 rebus
1791 1167 2118 1246 gerendis
2166 1166 2667 1240 abstrahantur,
2716 1175 2789 1227 ut
2821 1176 3062 1228 contra
3093 1168 3159 1228 in

699 1276 774 1315 re
833 1255 1103 1335 publica
1160 1256 1473 1336 gerenda
1535 1255 1785 1333 „multo
1846 1257 2105 1316 maiora
2162 1264 2233 1315 et
2280 1254 2599 1317 meliora²‘
2655 1257 2879 1319 animo
2929 1255 3160 1317 facere
3226 1253 3231 1258 ⁴

700 1346 965 1424 possint
1025 1364 1226 1425 quam
1289 1345 1764 1406 adulescentes
1842 1346 2119 1416 viribus,
2186 1364 2341 1406 cum
2404 1347 2797 1419 „temeritas
2856 1344 3161 1406 florentis
3232 1363 3237 1367 ·

701 1434 948 1494 aetatis
1005 1436 1106 1509 sit,
1162 1435 1529 1514 prudentia
1573 1436 2034 1495 senescentis“
2094 1432 2207 1512 (cf.
2241 1431 2278 1517 ξ
2317 1436 2393 1495 17
2431 1432 2587 1516 fin.)
2680 1431 2937 1497 Contra
2982 1435 3161 1496 hanc

699 1525 1111 1583 sententiam
1164 1522 1274 1605 (cf.
1307 1524 1344 1604 ἓ
1383 1528 1458 1587 17
1493 1522 1603 1585 fin.
1657 1523 1974 1603 „consilio
2026 1570 2039 1583 .
2079 1572 2092 1585 .
2126 1570 2139 1585 .
2188 1524 2476 1603 augeri
2522 1532 2843 1585 senectus
2891 1523 3117 1584 soleti-²⁴
3123 1524 3159 1599 ‘)

700 1613 763 1672 in
813 1610 968 1713 §21
1010 1613 1438 1675 adversarius
1487 1613 1826 1674 inducitur
1874 1613 2214 1673 disserens
2263 1614 2662 1674 memoriam
2697 1614 2762 1672 in
2796 1621 3159 1673 senectute
3232 1652 3235 1655 -

700 1703 908 1762 minui
953 1704 991 1763 i.
1026 1722 1082 1763 e.
1131 1702 1526 1763 facultatem
1580 1704 1793 1782 ipsam
1844 1704 1942 1762 rei
1976 1701 2291 1782 publicae
2325 1701 2680 1782 gerendae
2716 1703 2949 1770 minui:
3000 1721 3157 1762 nam

698 1808 848 1852 cum
901 1791 1198 1852 indolem
1250 1793 1454 1852 animi
1513 1796 1653 1852 tum
1709 1810 1981 1851 omnem
2044 1792 2383 1853 actionem
2448 1793 2775 1852 memoria
2826 1792 3161 1851 contineri

696 1881 885 1961 antiq
898 1901 960 1941 u1
991 1882 1332 1961 putabant
1358 1879 1466 1962 (cf.
1491 1879 1575 1941 R.
1599 1879 1935 1954 Heinze‚
1970 1878 2227 1941 Lucrez
2248 1880 2284 1941 l.
2308 1880 2417 1952 ΠΙ,
2438 1878 2662 1960 Leipz.
2686 1882 2874 1952 1897,
2900 1900 2963 1960 p.
2988 1880 3159 1962 195).

699 1965 832 2029 Cic.
880 1970 1200 2031 concedit
1248 1971 1638 2031 adversario
1689 1971 2087 2031 memoriam
2140 1970 2364 2043 minui,
2418 1972 2581 2048 „nisi
2630 1989 2779 2029 eam
2828 1988 3159 2030 exerceas

698 2066 817 2118 aut
857 2060 911 2119 si
943 2061 1032 2119 sis
1068 2068 1311 2120 natura
1343 2059 1656 2121 tardior.“
1755 2058 2059 2119 Eandem
2099 2078 2377 2119 manere
2412 2077 2614 2138 posse
2650 2058 3160 2120 demonstratur

695 2148 981 2227 primum
1022 2148 1341 2229 exemplo
1376 2148 1869 2227 ThemistocliS,
1913 2149 2096 2228 quod
2137 2168 2269 2209 non
2305 2149 2399 2208 ita
2430 2158 2621 2225 recte
2658 2147 2955 2222 affertur,
3000 2167 3157 2209 cum

697 2257 786 2297 ex
843 2237 1005 2298 locis
1057 2238 1380 2298 similibus
1431 2237 1542 2320 (cf.
1580 2248 1644 2318 p.
1690 2240 1795 2315 37)
1855 2245 2191 2318 appareat
2246 2238 2314 2297 id
2372 2257 2507 2297 non
2559 2238 2643 2297 de
2693 2236 3157 2298 Themistocle

695 2345 862 2385 sene
920 2327 1169 2387 dictum
1235 2347 1404 2406 esse,
1465 2328 1712 2387 deinde
1764 2326 2082 2407 exemplo
2132 2324 2427 2400 Catonis,
2487 2329 2601 2406 qui
2655 2328 2961 2387 oratione
3011 2328 3159 2406 ipsa

697 2416 997 2476 ostendit
1043 2436 1118 2476 se
1173 2435 1347 2493 „non
1402 2416 1604 2477 modo
1656 2436 1774 2477 eos
1810 2418 2099 2489 novisse,
2150 2418 2263 2497 qui
2297 2417 2447 2489 sint,
2496 2416 2617 2476 sed
2652 2436 2883 2477 eorum
2922 2424 3156 2497 patres

697 2512 766 2563 et
816 2508 1042 2567 avos“.
1132 2504 1300 2566 Post
1347 2506 1476 2566 hos
1520 2507 1699 2566 viros
1746 2507 1811 2566 in
1861 2525 1935 2565 re
1984 2505 2259 2585 publica
2305 2513 2633 2579 versatOS,
2682 2505 2767 2565 de
2811 2505 3055 2584 quibus
3088 2504 3153 2564 in

694 2590 772 2676 ἐξ
811 2596 1009 2673 15120
1060 2594 1417 2674 agebatur,
1476 2595 1735 2655 inducit
1781 2614 2021 2655 senem
2073 2614 2246 2667 eum,
2307 2597 2416 2674 qui
2467 2594 2863 2654 thesaurum
2914 2594 3157 2667 obruit,

693 2684 850 2744 iuris
884 2684 1247 2758 consultOS,
1289 2683 1673 2764 theologOS,
1715 2684 2157 2766 philosophos
2191 2680 2256 2765 (ξ
2292 2685 2371 2746 21
2410 2679 2589 2766 fin.,'§
2614 2686 2694 2744 22
2730 2682 2915 2766 init.)
2981 2682 3155 2744 Tum

694 2772 968 2835 demum
989 2771 1054 2857 (ξ
1077 2777 1177 2848 22,
1192 2777 1228 2835 3
1243 2773 1422 2856 sqq.)
1444 2774 1702 2834 directe
1725 2782 1966 2835 contra
1990 2775 2443 2834 obiectionem
2472 2773 2838 2833 adversarii
2861 2772 3155 2834 disserit:

699 2871 1022 2940 „manent
1044 2866 1116 2924 in
1131 2883 1232 2944 ge
1248 2865 1377 2924 nia
1395 2864 1690 2937 senibus,
1717 2864 1921 2924 modo
1944 2870 2352 2944 permaneat
2372 2861 2664 2922 studium
2692 2869 2763 2921 et
2782 2861 3149 2921 industria“

651 2960 899 3032 atque
969 2952 1363 3014 divisionem
1434 2955 1613 3014 inter
1670 2955 1850 3014 viros
1909 2953 2278 3013 honoribus
2325 2950 2598 3012 functos
2647 2947 2752 3033 (ἐξ
2808 2947 3032 3031 15s21)
3083 2957 3154 3010 et

690 3037 992 3121 privatos
1060 3042 1118 3126 (ξ
1171 3045 1246 3103 21
1300 3040 1557 3123 fin.s23:
1626 3041 1710 3104 cf.
1769 3039 1806 3125 ξ
1859 3044 1942 3103 24
1990 3043 2148 3118 init.)
2210 3040 2514 3101 similiter
2578 3049 2787 3119 atque
2856 3042 2920 3100 in
2978 3037 3015 3123 ξ
3070 3042 3148 3101 13

688 3129 940 3192 factam
994 3133 1266 3193 indicat.
1359 3129 1582 3207 Simul,
1619 3140 1844 3192 autem
1897 3130 2412 3211 neglegendum
2456 3149 2591 3190 non
2629 3138 2736 3189 est
2766 3127 2915 3190 loco
2952 3147 3151 3190 voca-

689 3220 827 3279 buli
881 3223 1287 3296 „memoria“
1342 3218 1402 3304 (ξ
1440 3223 1518 3282 21
1570 3222 1730 3297 init.)
1778 3222 1942 3301 poni
1989 3239 2227 3281 vocem
2274 3221 2726 3299 „ingenium“,
2776 3237 2909 3298 quo
2947 3218 3149 3278 modo

689 3308 838 3388 plus
889 3310 1413 3384 demonstratur,
1463 3330 1666 3390 quam
1719 3311 2147 3372 adversarius
2190 3310 2457 3370 obiecit.
2548 3307 2906 3387 Ingenium
2944 3309 3151 3367 etiam

690 3398 970 3477 (scilicet
1003 3419 1136 3460 non
1173 3399 1388 3460 solum
1426 3399 1853 3481 memoriam)
1905 3419 2183 3459 manere
2218 3399 2303 3458 ad
2335 3417 2666 3458 summam
2719 3404 3150 3456 senectutem

690 3486 1058 3549 illustratur
1105 3488 1610 3550 narratiuncula
1658 3490 1744 3549 de
1779 3486 2123 3568 Sophocle
2176 3488 2447 3547 uberius
2494 3485 2762 3567 prolata
2811 3493 2882 3544 et
2928 3486 3150 3564 poetis

690 3596 768 3637 ac
818 3578 1237 3658 philosophis
1286 3578 1747 3680 compluribus
1795 3579 2230 3650 enumeratiS,
2280 3578 2392 3656 qui
2428 3576 2800 3636 diutissime
2837 3576 3151 3635 vixerunt

690 3664 804 3746 (de
855 3668 1089 3728 ordine
1142 3669 1507 3741 nominum,
1556 3667 1640 3728 cf.
1673 3666 1961 3728 Moorii
2010 3666 2280 3748 adnot..)

867 3755 1116 3818 Verbis
1173 3758 1208 3837 ξ
1263 3760 1346 3818 24
1407 3777 1582 3836 „age
1635 3765 1705 3817 ut
1752 3759 1883 3817 ista
1933 3755 2159 3816 divina
2215 3754 2435 3816 studia
2496 3755 2925 3814 omittamus“
2979 3751 3149 3814 Cato

687 3848 932 3906 transit
989 3847 1076 3906 ad
1135 3849 1476 3906 actionem
1537 3847 1981 3920 „rusticorum
2034 3843 2545 3905 Romanorum“
2600 3839 2663 3924 (ξ
2709 3839 2954 3923 24s25),
3014 3860 3148 3921 quo

687 3945 1097 4014 argumento
1155 3937 1357 3996 tertio
1416 3934 1752 3996 refutatur
1812 3955 1849 3994 a
1906 3935 2113 3995 rebus
2170 3932 2496 4014 gerendis
2552 3939 2978 3991 senectutem
3033 3931 3150 3990 ab·

686 4025 994 4085 strahere
1064 4024 1383 4106 (,‚quibus
1459 4025 1861 4085 absentibus
1940 4059 2017 4066 —
2087 4020 2512 4103 fructibus“).
2624 4020 2995 4080 Praeterea
3062 4020 3152 4080 ad

687 4114 1144 4174 obiectionem
1194 4113 1368 4174 illam
1425 4114 1791 4174 adversarii
1840 4120 2213 4192 spectatur,
2260 4130 2409 4171 cum
2463 4112 2529 4170 in
2582 4111 2765 4170 initio
2807 4127 2955 4209 cap.
2972 4106 3151 4170 VIII

687 4202 994 4264 consulto
1051 4211 1408 4283 repetatur
1465 4201 1575 4285 (cf.
1623 4203 1658 4282 ξ
1711 4203 1792 4266 20
1836 4199 1973 4284 fin.)
2031 4201 2175 4261 laus
2225 4200 2633 4281 prudentiae
2681 4198 2863 4258 senis
2917 4197 3149 4275 „alteri

685 4293 956 4353 saeculo
997 4293 1537 4372 prospicientis&
1631 4289 1854 4370 Quam
1890 4290 2251 4352 commode
2284 4287 2418 4350 Cic.
2453 4307 2577 4369 pro
2614 4284 2891 4350 Catonis
2917 4247 3146 4348 studio

684 4401 909 4442 rerum
961 4383 1382 4453 rusticarum,
1434 4401 1568 4462 quo
1620 4389 1694 4440 ut
1739 4382 1886 4461 ipse
1935 4382 2000 4440 in
2052 4377 2205 4462 §55
2246 4380 2424 4451 dicit,
2471 4384 2840 4457 provectus
2889 4385 3011 4448 est,
3061 4377 3150 4436 ad

685 4469 860 4531 hanc
917 4490 1062 4531 rem
1122 4473 1497 4531 orationem
1563 4471 1906 4531 convertit
1953 4489 2080 4550 per
2128 4467 2485 4529 formulam
2543 4486 2716 4545 „age
2768 4473 2840 4525 ut
2888 4467 3016 4526 ista
3062 4501 3151 4509 —

687 4561 1115 4620 omittamus“
1141 4561 1152 4622 !
