3584 5475
1426 593 1869 652 —15..-

598 770 672 831 In
725 768 760 854 ξ
805 772 880 832 15
932 767 1067 831 Cic.
1117 771 1592 849 disputationis
1642 770 2151 850 dispositionem
2206 771 2518 849 praebet.
2613 770 2877 850 Haec}

415 862 775 920 continuat
827 879 963 920 non
1012 867 1228 921 totam
1284 856 1320 942 ξ
1361 862 1458 932 14,
1505 859 1629 919 sed
1676 860 1963 937 primam
2015 861 2428 919 sententiam
2486 878 2647 937 „sua
2696 860 2874 919 enim

414 950 585 1009 vitia
635 950 1031 1028 insipientes
1089 985 1176 993 —
1232 950 1296 1008 in
1355 957 1780 1009 senectutem
1837 947 2271 1024 conferunt⁶‘;
2320 949 2406 1008 ad
2453 949 2667 1009 verba
2722 967 2881 1025 „cur

418 1046 748 1099 senectus
785 1038 1030 1099 misera
1061 1038 1412 1099 videatur“
1453 1036 1903 1118 supplendum
1957 1046 2063 1097 est
2109 1039 2241 1114 „iis,
2292 1040 2405 1117 qui
2452 1058 2576 1098 sua
2620 1039 2781 1098 vitia
2812 1040 2887 1099 in.

415 1135 853 1187 senectutem
905 1126 1331 1188 conferunt“.
1431 1126 1772 1187 Particula
1820 1128 2147 1205 „etenim“
2198 1129 2604 1188 annectitur.
2700 1126 2875 1188 Nam

425 1217 648 1294 „hanc
698 1235 825 1296 per
870 1216 1270 1297 particulam
1309 1213 1442 1277 Cic.
1483 1236 1694 1295 saepe
1728 1216 2233 1296 transgreditur
2265 1218 2330 1276 in
2366 1216 2878 1296 adiungendam

421 1307 525 1366 rei
566 1306 1088 1386 expositionem,
1130 1308 1242 1366 ubi
1277 1303 1604 1367 Germani
1638 1306 1871 1366 dicunt
1907 1305 2289 1379 ‚,namlich“.
2364 1303 2882 1385 Componuntur

341 1406 346 1411 '
420 1415 636 1474 saepe
713 1396 954 1467 verba,
1024 1415 1198 1475 quae
1270 1395 1714 1475 expositionis
1785 1402 2103 1455 conatum
2193 1393 2613 1475 significant“
2691 1403 2880 1455 recte

423 1483 737 1545 Handius
788 1483 1089 1564 explicat
1135 1485 1201 1544 in
1246 1483 1623 1544 Tursellino
1675 1482 1830 1565 (vol.
1863 1483 1940 1557 Π,
1987 1503 2049 1563 p.
2086 1486 2208 1546 541
2263 1483 2347 1545 cf.
2396 1483 2635 1544 Moorii
2684 1482 2881 1565 adn.).

423 1572 692 1653 Negari
739 1582 974 1633 tamen
1026 1593 1160 1634 non
1212 1581 1440 1653 potest
1490 1570 1646 1656 §15
1697 1592 1831 1633 non
1884 1575 2003 1633 nisi
2055 1573 2296 1633 leviter
2343 1592 2494 1633 cum
2546 1573 2882 1653 prioribus

421 1664 860 1723 coniunctam
935 1682 1105 1724 esse.
1205 1662 1450 1742 Neque
1516 1682 1681 1723 Vero
1748 1664 1813 1722 in
1884 1682 1966 1723 eo
2034 1662 2232 1723 valde
2292 1662 2670 1733 haeremuS,
2728 1681 2879 1722 cum

425 1772 631 1831 supra
667 1751 758 1832 (p.
815 1749 880 1835 9)
914 1752 1279 1812 viderimus
1334 1753 1605 1831 saepius
1668 1754 2104 1831 egressiones
2154 1754 2219 1811 in
2274 1748 2535 1812 Catone
2572 1750 2881 1812 consulto

426 1840 650 1901 factas
687 1860 856 1902 esse.
923 1842 1234 1910 Accedit,
1277 1842 1459 1920 quod
1497 1860 1829 1920 nusquam
1857 1838 1991 1902 Cic.
2022 1842 2281 1901 studuit
2314 1848 2547 1920 partes
2582 1840 2884 1920 singulas

429 1932 610 1991 inter
657 1950 731 1990 se
783 1932 991 1990 artius
1041 1930 1382 2009 copulare,
1438 1932 1644 1990 immo
1693 1950 1969 2009 semper
2018 1930 2103 1989 ad
2153 1930 2330 1990 hanc
2380 1927 2533 2013 §15
2585 1949 2721 2003 eOS,
2770 1931 2881 2008 qui

429 2020 670 2080 librum
708 2019 967 2100 legunt,
999 2028 1282 2080 revocat
1317 2019 1421 2099 (ἐξ
1458 2022 1567 2094 27ς
1605 2021 1717 2092 39;
1757 2020 1887 2101 65).
1949 2019 2024 2079 Id
2067 2019 2341 2100 quidem
2376 2027 2665 2099 spectat,
2702 2019 2883 2098 quod

338 2187 342 2190 Ι
429 2108 669 2170 Moore
692 2117 882 2169 recte
907 2109 1390 2169 animadvertit
1413 2108 1496 2167 ad
1534 2105 1571 2191 ξ
1609 2110 1701 2181 15,
1737 2112 1791 2180 7,
1838 2117 1907 2168 ut
1942 2108 2069 2169 alio
2103 2128 2381 2189 semper
2416 2109 2617 2170 modo
2653 2115 2885 2187 partes

429 2198 732 2277 singulas
781 2199 1075 2277 incipiat,
1124 2206 1398 2258 secutus
1448 2197 1640 2277 leges
1689 2200 1851 2258 artis
1899 2199 2301 2259 rhetoricae.

611 2390 864 2455 Contra
914 2395 1247 2473 primum
1298 2396 1752 2455 senectutis
1802 2395 2102 2454 crimen
2152 2390 2286 2455 Cic.
2336 2394 2637 2473 disputat
2684 2413 2887 2453 senes

430 2486 496 2543 in
560 2503 634 2543 re
702 2482 976 2563 publica
1040 2482 1419 2563 gerenda1)
1488 2485 1748 2543 animo
1810 2483 2018 2543 multa
2085 2503 2305 2563 eaque
2366 2486 2620 2545 maiora
2682 2502 2884 2562 quam

431 2574 715 2634 iuvenes
780 2574 1088 2633 viribus
1156 2574 1440 2653 exsequi
1506 2591 1728 2652 posse,
1797 2592 1948 2633 cum
2021 2572 2302 2633 consilia
2366 2574 2656 2652 egregia
2723 2572 2890 2631 dent

436 2658 886 2746 (c.V1s§20).
978 2661 1051 2721 In
1111 2662 1298 2721 initio
1356 2664 1628 2742 ponitur
1683 2662 2027 2723 sententia
2083 2663 2229 2742 ipsa
2278 2662 2646 2723 adversarii
2694 2660 2889 2721 simili

435 2751 637 2812 inodo
689 2760 897 2831 atque
946 2753 1008 2812 in
1061 2751 1259 2813 Tusc.
1306 2751 1496 2832 Disp.
1531 2753 1855 2814 auditoris
1888 2754 2232 2812 sententia
2273 2773 2327 2812 e.
2360 2755 2570 2832 guin
2618 2752 2651 2818 l.
2690 2751 2737 2822 Ι,
2777 2748 2812 2834 ξ
2850 2753 2888 2814 9

435 2841 716 2914 „malum
775 2840 932 2901 mihi
980 2840 1250 2902 videtur
1298 2861 1448 2902 esse
1485 2851 1700 2902 mors“
1751 2841 1863 2923 (cf.
1908 2841 1987 2914 Π,
2024 2839 2186 2924 ξ14.
2232 2841 2339 2915 ΠΙ,
2375 2861 2430 2904 e.
2462 2844 2521 2902 4.
2571 2840 2651 2915 V,
2687 2839 2723 2924 ξ
2768 2838 2889 2922 12).

439 2928 659 3009 Quam
714 2931 795 2990 ad
848 2928 1290 2990 refellendam
1343 2933 1632 3009 primum
1698 2933 2214 3010 quaestionibus
2261 2931 2617 2992 rhetoricis
2668 2933 2891 3002 utitur,

436 3020 684 3080 deinde
733 3019 1037 3099 pluribus
1084 3021 1242 3079 viris
1291 3018 1622 3080 Romanis
1658 3023 2090 3092 enumeratiS,
2135 3022 2312 3081 inter
2348 3041 2517 3101 quos
2553 3019 2891 3080 Maximus

437 3118 643 3170 antea
687 3117 1262 3169 commemoratus
1292 3110 1584 3187 prim-um
1607 3109 1825 3170 locum
1851 3119 2062 3182 tenet,
2084 3109 2454 3170 secundum
2480 3107 2553 3170 L.
2573 3109 2763 3169 Paul
2782 3127 2891 3180 uS,

342 3203 348 3209 '
435 3211 638 3278 pater
670 3195 1006 3277 Scipionis
1035 3206 1102 3256 et
1135 3216 1334 3258 socer
1367 3195 1479 3257 filii
1513 3197 1807 3271 CatoniS‚
1843 3199 1926 3258 de
1962 3198 2145 3259 facto
2181 3200 2363 3258 senis
2386 3199 2594 3278 Appii
2618 3194 2892 3274 Claudii,

383 3298 388 3302 “
440 3296 513 3347 ut
560 3289 675 3366 qui
723 3285 930 3347 fuerit
978 3305 1243 3357 caecuS,
1295 3287 1566 3347 uberius
1617 3295 1894 3347 enarrat
1940 3286 2006 3368 (ξ
2048 3286 2171 3370 16),
2219 3296 2362 3348 tum
2412 3296 2603 3348 recta
2635 3289 2745 3348 via
2780 3287 2893 3346 ad-

437 3377 812 3437 versarium
861 3375 1119 3436 refutat
1177 3373 1242 3458 (ὃ
1287 3376 1388 3457 17)
1448 3385 1655 3457 atque
1715 3378 1919 3437 adicit
1974 3377 2409 3437 similitudine
2459 3376 2686 3457 lepida
2738 3395 2893 3436 usus

437 3485 669 3525 senem
743 3464 1040 3540 consilio,
1108 3485 1242 3545 quo
1303 3469 1539 3545 augeri
1598 3466 1833 3540 soleat,
1901 3466 2110 3528 multo
2171 3467 2425 3527 maiora
2486 3474 2556 3525 et
2616 3465 2894 3526 meliora

439 3554 670 3615 facere
734 3574 936 3634 quam
999 3554 1532 3628 adulescentem,
1591 3557 1886 3636 denique
1936 3553 2265 3617 Catonem
2328 3575 2518 3616 more
2568 3554 2758 3615 senili
2809 3555 2894 3614 de

439 3663 513 3703 se
564 3644 976 3724 gloriantem
1029 3642 1228 3723 fingit
1275 3643 1498 3724 figura
1539 3646 1795 3718 ironiae
1830 3643 2018 3726 (,‚nisi
2051 3644 2293 3727 forte“)
2329 3644 2634 3705 adhibita
2668 3663 2893 3724 neque

441 3735 870 3794 occasionem
924 3734 1412 3812 praetermittit
1446 3733 1887 3813 digressionis
1920 3734 2325 3794 inserendae
2374 3731 2439 3816 (ξ
2479 3735 2559 3794 18
2594 3732 2703 3794 fin.
2738 3730 2776 3816 ξ
2815 3734 2893 3793 19

444 3823 581 3883 init.
631 3821 716 3882 cf.
765 3841 971 3901 supra
1017 3841 1081 3902 p.
1119 3821 1244 3903 12),
1293 3823 1400 3881 cui
1447 3842 1558 3882 res
1607 3823 1692 3882 ab
1745 3844 1872 3884 avo
1925 3823 2261 3903 Scipionis
2295 3831 2533 3903 gestas
2569 3823 2896 3900 adiungit.

440 3909 682 3971 Mirum
730 3931 864 3971 non
909 3919 1014 3970 est
1062 3918 1203 3970 tum
1247 3907 1308 3993 (ξ
1350 3912 1446 3984 19,
1469 3913 1524 3984 8,
1548 3910 1615 3994 9)
1664 3915 1886 3992 repeti
1934 3914 2346 3972 sententiam
2392 3909 2776 3994 ultimam·§
2816 3913 2891 3971 17

441 3999 646 4079 idque
719 3999 1064 4061 simillimis
1131 4000 1376 4061 verbiS.
1485 3999 1661 4061 Nam
1738 4003 2174 4082 perspicuum
2244 4010 2349 4062 est
2405 4002 2490 4071 id,
2561 4001 2742 4080 quod
2812 4001 2896 4058 de

444 4085 708 4169 origine
775 4090 1065 4150 nominis
1130 4097 1410 4149 senatus
1470 4090 1727 4156 dicitur,
1786 4090 1997 4151 multo
2058 4094 2283 4171 aptius
2340 4110 2491 4151 cum
2554 4089 2689 4150 fine
2740 4088 2895 4173 §17

443 4179 765 4257 coniungi
797 4197 1018 4258 posse,
1055 4180 1166 4239 ubi
1201 4198 1403 4238 senes
1424 4179 1788 4259 prudentia
1822 4183 2172 4260 „augeri“
2207 4180 2514 4260 legimus
2570 4178 2897 4239 Videmus

444 4268 650 4347 igitur
717 4263 1048 4328 Catonem
1121 4268 1206 4328 de
1272 4287 1346 4328 se
1413 4270 1628 4348 ipsum
1695 4269 2060 4349 gloriatum
2120 4269 2458 4350 paululum
2522 4271 2609 4329 ab
2662 4269 2897 4329 ordine

445 4358 941 4417 sententiarum
1012 4358 1386 4429 aberrasse,
1455 4377 1588 4438 qua
1653 4378 1728 4418 re
1796 4360 2011 4419 verba
2066 4358 2173 4420 illa
2230 4357 2551 4439 repetere
2612 4360 2898 4437 cogitur.

624 4551 667 4617 1)
707 4550 846 4600 Nam
897 4553 1072 4601 verba
1122 4567 1247 4613 „res
1283 4556 1518 4616 gerere“
1559 4557 1817 4618 spectant
1854 4553 2183 4620 saepissime
2223 4553 2295 4603 ad
2332 4569 2446 4604 rem
2488 4552 2763 4620 publicam
2806 4552 2897 4602 ad-

444 4620 856 4672 ministrandam
897 4621 985 4688 (cf.
1026 4621 1152 4690 §17
1192 4623 1303 4673 init.
1344 4623 1405 4672 Μ
1416 4629 1682 4689 erguet‚
1722 4624 1833 4675 lex.
1876 4624 1989 4676 Cic.
2030 4630 2163 4675 orat.
2203 4625 2269 4686 ΙΙ,
2308 4624 2519 4689 414ff.).
