3584 5475
1648 487 2091 585 —38‘—

645 703 683 782 ξ
723 705 800 765 13
852 710 922 763 et
974 703 1060 763 de
1111 701 1407 763 Nestore
1456 703 1519 762 in
1573 699 1726 783 §21
1779 711 2070 773 enarrat,
2120 699 2254 770 Cic,
2304 703 2389 762 de
2423 722 2545 763 suo
2577 722 2847 764 sumere
2881 705 3101 782 potuit

651 811 777 852 nec
826 798 962 852 non
1014 811 1114 865 ea,
1166 809 1341 870 quae
1393 791 1473 852 de
1524 789 1867 871 Sophocle
1916 811 2081 852 sene
2133 794 2193 853 in
2247 789 2401 875 §22
2452 800 2700 864 narrat,
2749 810 2899 852 cum
2945 812 3095 853 eum

647 880 943 941 fabulam
971 880 1101 941 hoc
1135 880 1284 942 loco
1308 890 1935 953 commemoratam,
1960 878 2298 961 Oedipum
2324 878 2718 954 Coloneum,
2738 882 2872 942 iam
2896 876 3125 942 antea'

649 972 917 1030 novisse
954 989 1044 1029 ex
1076 969 1112 1030 l.
1147 968 1206 1029 V
1241 969 1365 1045 „de
1399 967 1685 1030 finibus“
1722 971 1758 1049 ἓ
1796 974 1831 1029 3
1867 979 2141 1031 constet
2174 980 2243 1031 et
2280 972 2339 1030 in
2378 969 2575 1031 Tusc.
2606 968 2875 1050 Disput.
2908 972 3100 1032 brevi

649 1068 808 1119 ante
857 1057 1188 1120 Catonem
1241 1060 1509 1138 scriptis
1568 1079 1651 1118 ex
1705 1059 1846 1120 aliis
1896 1060 2270 1138 tragoediis
2319 1057 2721 1139 Sophocleis
2769 1059 2866 1137 (Π,
2914 1060 3098 1138 §203

647 1151 762 1224 493
810 1147 918 1220 III,
953 1147 989 1228 ἓ
1026 1150 1128 1225 71)
1177 1148 1415 1227 plures·
1439 1147 1624 1208 locos
1657 1148 2095 1209 transtulerit.
2172 1148 2473 1210 Restant
2508 1146 2810 1228 Gorgiae
2846 1149 3098 1211 dictum

648 1240 708 1298 in
764 1237 800 1317 ξ
841 1240 938 1309 13,
989 1236 1254 1317 Milonis
1302 1236 1688 1317 exemplum
1740 1238 1809 1297 in
1861 1234 1940 1320 ἐξ
1978 1242 2056 1299 27
2110 1248 2180 1297 et
2215 1240 2316 1310 33,
2366 1237 2697 1319 Lysandri
2741 1238 2989 1299 dictum
3031 1247 3102 1298 et

651 1324 1346 1389 Lacedaemoniorum
1408 1328 1474 1386 in
1526 1323 1563 1409 ξ
1602 1329 1702 1399 63,
1750 1324 2019 1388 Solonis
2068 1347 2303 1389 versus
2338 1329 2399 1387 in
2438 1324 2519 1411 ἐξ
2557 1330 2637 1389 26
2671 1337 2744 1387 et
2778 1329 2879 1400 50,
2930 1328 3099 1388 eius-

651 1415 806 1476 dem
843 1415 1093 1477 dictum
1133 1417 1198 1475 in
1235 1415 1271 1495 ξ
1315 1418 1394 1477 72
1430 1414 1723 1476 allatum.
1787 1414 1991 1477 Unde
2014 1412 2148 1477 Cic.
2182 1418 2353 1478 haec
2378 1415 2697 1495 exempla
2716 1418 3101 1496 sumpserit,

651 1506 1006 1566 nescimus,
1084 1503 1236 1566 Hoc
1280 1524 1478 1565 unum
1517 1506 1940 1566 contendere
1974 1524 2335 1585 possumus
2384 1526 2517 1566 non
2554 1506 2914 1566 verisimile
2949 1526 3099 1566 esse

652 1613 734 1653 ea
781 1595 846 1653 in
883 1592 1181 1655 Tithono
1220 1594 1563 1655 Aristonis
1610 1594 1778 1655 illius
1830 1594 2029 1655 allata
2078 1594 2302 1668 fuisse,
2350 1614 2499 1656 cum
2539 1594 2853 1667 Tithono,
2896 1587 3098 1675 quem

649 1685 862 1762 ipsum
917 1702 1305 1743 sermonem
1358 1683 1676 1743 habuisse
1728 1704 1818 1744 ex
1856 1685 2084 1745 verbis
2118 1681 2251 1746 Cic.
2291 1684 2351 1765 (ξ
2387 1686 2423 1745 3
2464 1681 2631 1761 init.)
2665 1693 2954 1758 constat,
2986 1685 3102 1744 vix

649 1771 755 1831 illa
791 1772 1110 1851 exempla
1141 1773 1344 1832 tribui
1378 1774 1743 1852 potuerint.
1804 1774 2051 1834 Annos
2086 1776 2148 1834 in
2186 1773 2516 1853 exemplis
2544 1772 2795 1833 Latinis
2828 1774 3100 1853 saepius

651 1859 888 1921 allatos
923 1862 1196 1921 uberius
1229 1860 1334 1938 (cf.
1357 1880 1419 1941 p.
1444 1860 1554 1942 12)
1587 1858 1720 1924 Cic,
1752 1882 1842 1923 ex
1873 1863 2086 1923 Attici
2122 1863 2290 1923 libro
2328 1883 2427 1935 e0,
2462 1864 2566 1923 cui
2601 1862 3103 1923 inscribebatur

650 1950 820 2010 liber
853 1949 1130 2024 annaliS,
1163 1950 1467 2010 hausisse
1502 1952 1630 2011 iam
1669 1949 1981 2012 Schanz
2012 1950 2286 2031 (Gesch.
2311 1952 2370 2011 d.
2393 1950 2705 2013 rom.Lit.
2724 1951 2771 2025 Ι,
2800 1955 2918 2032 ap.
2942 1950 3099 2032 364)

647 2048 837 2099 recte
887 2041 1257 2100 adnotavit.

647 2272 776 2351 §2
868 2270 986 2332 De
1035 2270 1402 2332 Platonis
1463 2281 1543 2332 et
1590 2271 2165 2352 Xenophontis
2217 2272 2417 2334 locis
2467 2294 2506 2333 a
2554 2256 3101 2335 CicsinsertiS.

826 2396 979 2457 Non
1006 2397 1283 2457 dubium
1307 2406 1429 2471 est,
1450 2400 1607 2478 quin
1628 2396 1814 2458 locos
1832 2418 1968 2471 eOS,
1987 2399 2098 2477 qui
2119 2418 2204 2457 ex
2216 2396 2517 2458 Platonis
2536 2407 2605 2458 et
2618 2395 3101 2476 Xenophontis

647 2487 1027 2547 imitatione
1083 2484 1445 2560 fluxerunt,
1502 2484 1636 2549 Cic.
1694 2488 1842 2567 ipse
1900 2489 2276 2547 inseruerit.
2368 2486 2441 2547 In
2493 2487 2568 2566 ἐξ
2606 2491 2638 2547 7
2648 2486 2716 2563 1¹8
2776 2485 3103 2546 transfert

650 2596 737 2633 ex
794 2573 1098 2635 Platonis
1160 2575 1195 2635 l.
1243 2575 1290 2635 Ι.
1347 2576 1469 2654 „de
1517 2575 1902 2656 republica“
1962 2595 2113 2635 eam
2164 2585 2425 2655 partem
2492 2578 2581 2656 (p.
2619 2574 3101 2651 328Es33OA),

650 2666 713 2725 in
776 2684 910 2744 qua
960 2662 1284 2725 Socrates
1343 2684 1492 2726 cum
1548 2662 1849 2745 Cephalo
1909 2664 2329 2745 colloquitur.
2421 2663 2574 2725 Non
2637 2684 2725 2723 ex
2776 2666 3102 2724 memoria

651 2774 803 2814 eum
857 2753 1036 2815 hunc
1087 2753 1304 2816 locun]
1358 2755 1753 2826 reddidisse,
1812 2755 1935 2815 sed
1986 2754 2221 2814 librum
2278 2754 2450 2814 illum
2504 2757 2567 2815 in
2621 2754 3101 2832 componendo
3184 2800 3189 2804 -

650 2840 913 2904 Catone
981 2852 1142 2903 ante
1213 2842 1443 2904 oculos
1509 2843 1829 2904 habuisse
1897 2845 2055 2904 inde
2123 2851 2334 2922 patet,
2394 2842 2580 2922 quod
2637 2841 2955 2903 nonnulla
3014 2842 3100 2902 ad

651 2934 930 2993 verbum
1004 2942 1397 3012 congruunt
1463 2932 1567 3009 (cf.
1631 2929 1892 3012 Opitz,
1941 2932 2172 3012 Jahrb.
2231 2931 2352 2993 Bd.
2397 2934 2532 3004 107,
2596 2933 2781 3005 1873,
2831 2951 2892 3010 p.
2929 2932 3102 3012 609).

649 3020 895 3101 Neque
945 3042 1107 3082 vero
1161 3024 1385 3082 omnia
1435 3022 1756 3095 adhibuit,
1814 3022 1936 3082 sed.
1994 3021 2156 3082 alias
2212 3023 2591 3082 sententias
2650 3022 2889 3093 omisit,
2938 3021 3101 3081 alias

649 3112 712 3170 in
766 3119 982 3171 artum
1036 3113 1396 3184 contraxit,
1446 3110 1625 3184 aliaS,
1661 3111 1813 3171 dico
1848 3110 2206 3191 Sophoclis
2246 3109 2497 3171 dictum
2542 3110 2604 3190 (ἓ
2637 3107 2749 3192 47)
2786 3119 2857 3170 et
2889 3101 3103 3170 verba

649 3200 686 3279 ἓ
737 3199 938 3262 328D
1001 3198 1104 3272 ,,εὗ
1153 3201 1282 3262 ἴσθι
1313 3219 1402 3244 -’-
1434 3200 1688 3280 ἡδοναί“
1741 3198 1803 3282 (ξ
1847 3203 1931 3263 46
1983 3199 2167 3279 init.).
2215 3201 2279 3259 in
2331 3200 2407 3280 ἐξ
2456 3199 2618 3261 alias
2667 3201 3102 3278 transposuit.

648 3287 1020 3349 Praeterea
1054 3288 1374 3348 nonnulla
1409 3289 1653 3349 adiecit
1689 3289 1752 3368 (ᾖ
1789 3292 1823 3347 7
1876 3287 2252 3362 „Salinator
2283 3325 2350 3332 —
2383 3288 2676 3349 Albinus
2711 3289 2921 3348 nostri
2953 3287 3100 3348 fere

653 3375 1026 3457 aequales“.
1106 3376 1191 3437 cf.
1240 3378 1276 3456 ξ
1311 3380 1348 3438 8
1402 3378 1513 3438 ubi
1565 3375 1828 3438 Laelius
1860 3379 2235 3438 senectutis
2269 3377 2582 3438 levamen
2617 3375 2819 3437 affert
2852 3378 3100 3456 „dig-ni-

651 3473 899 3526 tatem“
936 3463 1229 3538 CatoniS,
1264 3486 1438 3545 quae
1471 3466 1650 3545 apud
1670 3465 2028 3527 Platonem
2064 3464 2197 3527 non
2230 3466 2845 3543 commemoratur).
2901 3464 3101 3528 Hunc

650 3554 871 3615 locum
908 3557 1088 3615 bene
1124 3557 1418 3615 sermoni
1450 3557 1774 3615 insertum
1816 3575 1969 3616 esse
2002 3557 2132 3616 iam
2170 3575 2376 3635 supra
2401 3557 2839 3635 exposuimus
2867 3555 2955 3636 (p.
2981 3557 3101 3629 14).

827 3641 1316 3724 Xenophontis
1352 3663 1624 3725 quoque
1660 3644 1845 3705 loco-s
1879 3642 2013 3707 Cic.
2045 3637 2193 3725 ipse
2216 3646 2447 3721 vertit3
2485 3664 2709 3724 neque
2730 3664 2895 3705 vero
2918 3653 3102 3704 totos

651 3734 736 3793 ad
788 3734 1067 3794 verbum
1121 3732 1432 3793 reddidit.
1510 3733 1624 3804 Ea,
1675 3753 1851 3814 quae
1902 3755 1992 3794 ex
2042 3731 2509 3795 Oeconomico
2551 3735 2839 3812 sumpsit
2872 3730 2939 3815 (ξ
2974 3733 3102 3813 59),

652 3841 740 3882 ex
795 3829 993 3900 parte
1045 3842 1100 3896 a,
1150 3820 1635 3901 Xenophontis
1683 3823 1912 3883 verbis
1962 3822 2228 3902 longius
2279 3823 2661 3883 abscedunt
2709 3830 2915 3901 atque
2970 3840 3100 3880 uno

653 3911 801 3971 loco
861 3910 1231 3990 adaptandi
1291 3930 1514 3984 causa,
1582 3921 1655 3972 ut
1710 3931 1914 3992 supra
1974 3912 2263 3972 vidimus
2321 3912 2409 3992 (p.
2454 3911 2583 3994 27),
2640 3911 3102 3971 commutavit.

649 3999 1031 4078 Propterea
1091 4000 1410 4079 equidem
1463 4000 1664 4061 nolim
1717 4009 1962 4080 putare
2013 4012 2162 4062 cum
2215 3999 2463 4061 Reidio
2513 3997 2645 4080 (ed.
2678 4020 2727 4061 S.
2762 4019 2816 4060 c,
2849 4019 2912 4078 p.
2950 3999 3102 4079 179)

652 4088 935 4148 Tullium
974 4089 1490 4149 translationem
1533 4109 1703 4154 eam.
1739 4109 1945 4171 quam
1980 4091 2239 4151 iuvenis
2274 4089 2454 4162 fecit,
2489 4090 2946 4168 exscripsisse,
2978 4087 3103 4146 sed

651 4176 1138 4256 Xenophontis
1184 4178 1400 4237 verba
1449 4198 1598 4238 eum
1655 4181 1895 4239 iterum
1948 4180 2255 4252 vertisse,
2303 4180 2704 4258 praesertim
2748 4196 2898 4237 cum
2935 4175 3103 4236 illius

651 4267 904 4344 scripta
931 4267 993 4325 ei
1015 4268 1076 4326 in
1102 4267 1582 4345 componendo
1604 4265 1868 4329 Catone
1893 4269 1978 4328 ad
2005 4287 2274 4344 manum
2300 4267 2505 4328 fuisse
2529 4263 3101 4346 enyrupaediae

651 4355 753 4434 (ἐξ
792 4356 1018 4434 79,,”81)
1079 4363 1149 4414 et
1208 4354 1549 4436 Symposii
1609 4356 1672 4436 (ξ
1705 4359 1813 4433 46)
1874 4355 2037 4418 locis
2092 4356 2438 4417 translatis
2485 4364 2833 4435 appareat.
2925 4352 3103 4413 Illius

653 4461 928 4522 quoque
989 4443 1134 4504 libri
1194 4445 1408 4504 verba
1466 4465 1598 4505 non
1657 4464 1935 4525 semper
1991 4454 2312 4506 accurate
2370 4446 2636 4524 pressit.
2727 4442 3103 4521 Praecipue

650 4533 861 4592 verba
913 4533 1139 4606 „fimi-9
1187 4556 1255 4612 γε
1285 4569 1378 4590 .—
1411 4534 1804 4615 φοβούμενοι
1850 4531 2080 4615 μήποτ’
2131 4534 2349 4615 ἀσεβὲς
2394 4532 2595 4615 μηδὲν
2640 4531 2806 4614 μηδὲ
2852 4531 3106 4592 ἀνόσιον
