3584 5475
1669 542 2111 602 -32-

659 726 892 797 potest
924 716 1065 797 §73
1100 716 1352 779 flumen
1385 721 1877 779 sententiarum
1914 717 1992 798 ἐξ
2024 715 2223 799 71172
2258 718 2509 799 aliquid
2542 720 2734 799 quasi
2764 720 3115 794 retardari,

661 806 848 886 quod
895 826 1202 868 conexus
1250 826 1401 868 cum
1455 807 2027 869 antecedentibus
2075 828 2211 868 non
2260 808 2615 870 indicatur.

837 895 912 956 In
966 893 1045 979 ἐξ
1082 898 1164 958 74
1198 905 1268 957 et
1305 899 1384 957 75
1419 897 1865 957 contentione
1898 898 2081 957 senis
2115 916 2268 959 cum
2304 897 2744 959 adulescente
2780 918 2880 977 ea,
2907 918 3110 978 quam

661 984 884 1045 adhuc
932 987 1331 1055 invenimus,
1381 985 1620 1046 relicta
1666 983 1803 1047 Cic.
1850 1006 2167 1047 reversus
2215 986 2301 1047 ad
2350 989 2681 1048 rationem
2750 1007 3115 1067 argumen-

657 1076 934 1135 tationis
991 1074 1027 1155 ξ
1071 1076 1155 1138 66
1223 1077 1510 1155 exponit
1566 1078 1693 1136 iam
1757 1077 1844 1135 ab
1905 1074 2371 1137 adulescentia
2420 1076 2872 1149 „medidatum
2926 1084 3114 1138 esse“

659 1163 916 1224 debere
985 1164 1070 1224 de
1140 1172 1360 1225 morte
1419 1164 1865 1245 neglegenda
1924 1162 2037 1245 (cf.
2087 1162 2123 1248 ξ
2165 1166 2249 1228 66
2299 1167 2397 1237 „in
2448 1173 2585 1226 tam
2640 1165 2849 1245 longa
2898 1167 3115 1247 vita“),

660 1261 734 1313 ut
784 1252 1179 1333 „tranquillo
1230 1255 1490 1314 animo“
1541 1256 1919 1315 consistere
1969 1255 2323 1333 possimuS,
2371 1254 2441 1315 id
2491 1255 2673 1335 quod
2725 1254 2976 1317 factum
3028 1258 3117 1317 sit

658 1361 792 1402 non
855 1342 1066 1403 solum
1135 1362 1174 1403 a
1221 1341 1688 1404 Romanorum
1753 1343 2055 1416 ducibuS‚
2112 1344 2235 1403 sed
2293 1346 2497 1405 etiam
2559 1345 2645 1405 ab
2704 1345 2995 1406 indoctis
3043 1353 3113 1405 et

657 1433 922 1492 rusticis
973 1430 1308 1493 militibus.
1400 1432 1640 1513 ltaque
1676 1432 1900 1513 „quod
1934 1432 2411 1494 adulescentes
2445 1435 2703 1495 indocti
2747 1470 2836 1479 —-
2883 1436 3115 1496 rustici

658 1528 1125 1592 contemnunt,
1183 1521 1246 1589 id
1309 1521 1490 1583 docti
1549 1541 1751 1582 senes
1801 1522 2327 1583 extimescent?“
2398 1521 2523 1583 His
2581 1524 2788 1603 igitur
2837 1542 3113 1604 quoque

657 1610 886 1670 verbis
919 1611 1269 1671 contentio
1303 1613 1486 1671 senis
1507 1630 1655 1671 cum
1697 1610 2140 1672 adulescente
2175 1613 2484 1672 instituta
2515 1613 2767 1693 subest,
2809 1621 3112 1673 attamen

656 1698 859 1778 plane
909 1698 1038 1759 alia
1086 1708 1295 1781 atque
1345 1702 1411 1760 in
1455 1698 1536 1784 ἓξ
1573 1702 1792 1779 67s73.
1858 1696 2057 1778 Quod
2102 1700 2463 1762 discrimen
2499 1721 2581 1763 eo
2614 1703 2835 1782 magis
2872 1704 3110 1763 mirum
3176 1774 3187 1785 ·

658 1797 780 1861 est,
815 1789 998 1869 quod
1030 1790 1094 1849 in
1133 1787 1509 1873 sequenti§
1536 1792 1615 1850 76
1651 1790 2005 1854 contentio
2039 1791 2223 1869 prior
2258 1788 2337 1873 ἐξ
2362 1790 2563 1865 67f73
2599 1791 2791 1852 redit.
2860 1789 3111 1853 Nescio

658 1897 743 1937 an
778 1878 935 1938 inde
969 1878 1446 1958 explicandum
1485 1888 1608 1951 est,
1644 1879 1831 1959 quod
1865 1876 1901 1962 ξ
1929 1879 2011 1938 74
2044 1887 2115 1939 et
2148 1876 2185 1963 ξ
2214 1882 2291 1939 75
2328 1888 2571 1959 postea
2606 1881 2904 1941 insertae
2938 1889 3112 1953 sunt,
3198 1954 3205 1959 ι

656 1964 1063 2046 praesertim
1114 1987 1268 2029 cum
1319 1970 1520 2029 visuri
1568 1971 1776 2029 simus
1811 1967 1917 2048 (cf.
1950 1987 2014 2048 p.
2045 1969 2153 2045 42)
2187 1970 2403 2030 verba
2436 1966 2579 2051 §75
2614 1968 2947 2029 simillima
2977 1972 3109 2030 iam

657 2057 723 2115 in
773 2055 970 2117 Tusc.
1021 2056 1289 2137 Disput.
1355 2060 1611 2137 scripta
1671 2077 1844 2119 esse.
1935 2056 2306 2119 Praeterea
2363 2059 2486 2119 has
2544 2055 2624 2142 ἕξ
2673 2058 3113 2120 intercalatos

659 2164 811 2205 esse
860 2146 1015 2206 ideo
1066 2145 1425 2208 verisimile
1476 2155 1600 2219 est,
1651 2147 1836 2228 quod
1886 2166 2111 2227 neque
2161 2167 2472 2209 conexae
2522 2157 2678 2208 sunt
2727 2167 2879 2209 cum
2924 2157 3113 2209 ante-

658 2235 1066 2296 cedentibus
1133 2244 1251 2295 aut
1306 2237 1755 2317 sequentibus
1815 2234 1895 2320 ἐξ
1954 2245 2026 2296 et
2084 2239 2409 2297 transitus
2466 2238 2552 2298 ab
2614 2234 2768 2320 §73
2820 2237 2908 2298 ad
2956 2236 3113 2321 §74

659 2343 1091 2405 nequaquam
1129 2323 1491 2385 artificiose
1526 2325 1749 2386 factus
1784 2334 1916 2386 est:
1949 2323 2083 2387 Cio.
2117 2328 2484 2387 revertitur
2516 2327 2603 2387 ad
2626 2336 3111 2406 argumentum

659 2411 696 2496 ξ
751 2415 832 2475 66
903 2412 987 2475 cf.
1039 2434 1245 2494 supra
1324 2416 1524 2475 etiam
1605 2416 1819 2475 verba
1892 2424 2088 2495 „post
2161 2424 2448 2476 mortem
2529 2415 2801 2495 quidem
2872 2435 3113 2477 sensus

659 2511 776 2562 aut
832 2504 1172 2583 optandus
1230 2514 1347 2564 aut
1406 2503 1655 2564 nullus“
1715 2523 1865 2565 cum
1921 2502 1958 2587 ξ
2004 2506 2086 2565 66
2138 2524 2355 2578 „mors
2401 2540 2488 2548 —
2539 2504 2978 2583 neglegenda
3029 2541 3112 2549 -

658 2593 1026 2675 optanda“)
1077 2602 1286 2673 atque
1339 2602 1544 2653 antea
1592 2594 1966 2672 interponit
2012 2595 2421 2654 sententiam
2474 2614 2564 2654 ex
2605 2591 2640 2676 ξ
2680 2591 2883 2655 71fin.
2917 2614 3112 2673 repe-

658 2681 848 2742 titam
887 2701 1156 2744 sensum
1199 2683 1525 2744 moriendi
1559 2684 1959 2764 praesertim
1997 2685 2143 2744 seni
2177 2682 2263 2743 ad
2298 2683 2618 2763 exiguum
2645 2691 2919 2762 tempus
2942 2703 3114 2746 esse.

833 2771 1154 2853 Denique
1205 2791 1358 2833 cum
1409 2772 1518 2833 illa
1564 2773 1950 2851 suspicione
1999 2773 2300 2833 concinit
2347 2770 2489 2832 fieri
2539 2774 2861 2852 potuisse,
2914 2782 2984 2834 ut
3023 2775 3109 2834 ab

659 2857 814 2942 §74
850 2859 1008 2944 ad§
1056 2864 1135 2922 76
1187 2881 1357 2923 voce
1410 2863 1752 2935 ‚,omnino“
1805 2863 2225 2922 transiretur.
2318 2857 2768 2922 Continuatur
2816 2863 2992 2921 enim
3045 2865 3111 2923 in

659 2947 696 3032 ξ
744 2952 822 3012 76
884 2951 1236 3010 contentio
1295 2952 1552 3011 iuvenis
1611 2970 1764 3011 cum
1816 2970 1982 3010 sene
2031 2951 2362 3011 instituta:
2420 2969 2638 3010 senex
2689 2960 2976 3011 mortem
3028 2971 3113 3012 eo

659 3041 876 3099 minus
960 3041 1158 3099 timet
1225 3038 1452 3121 (quam
1517 3040 1922 3101 adulescens
1999 3038 2083 3100 cf.
2133 3037 2169 3123 ξ
2224 3041 2306 3100 68
2329 3037 2479 3117 fin.)‚
2555 3040 2740 3120 quod
2797 3041 3111 3114 „satietas

655 3130 836 3189 vitae
887 3137 1160 3209 tempus
1210 3137 1544 3190 maturum
1600 3131 1836 3190 mortis
1886 3127 2138 3189 affert“.
2229 3127 2602 3190 Praeterea
2643 3129 3109 3190 adnotandum

658 3227 765 3278 est
797 3214 1128 3279 Catonem
1179 3219 1282 3279 his
1330 3220 1558 3279 verbis
1609 3239 1742 3279 non
1795 3220 2183 3279 consentire
2232 3237 2387 3279 cum
2431 3220 2775 3288 sententia
2807 3221 3020 3298 partis
3050 3219 3113 3279 H

658 3304 717 3390 (ξ
755 3309 835 3368 38
858 3306 1000 3377 fin.;
1037 3307 1120 3369 cf.
1155 3305 1301 3391 §50
1323 3306 1458 3390 fin.)
1493 3328 1806 3388 „semper
1836 3310 1903 3368 in
1938 3306 2039 3368 his
2072 3307 2311 3368 studiis
2344 3308 2827 3388 laboribusque
2852 3309 3111 3368 viventi

658 3415 792 3457 non
827 3396 1262 3476 intellegitur,
1285 3397 1560 3477 quando
1597 3398 1888 3476 obrepat
1923 3403 2296 3457 senectus“.
2370 3397 2472 3457 Ex
2502 3398 2633 3458 hac
2653 3399 3112 3459 inconstantia

657 3495 846 3546 certe
898 3486 981 3546 de
1031 3485 1336 3547 sontibus
1385 3487 1705 3547 adhibitis
1753 3485 2007 3566 aliquid
2056 3487 2341 3547 inveniri
2389 3494 2639 3565 potest.

835 3575 940 3636 Ex
988 3577 1102 3647 eiS‚
1152 3596 1329 3657 quae
1380 3577 1465 3636 de
1515 3576 1551 3656 ξ
1586 3578 1786 3654 66176
1826 3576 2285 3656 exposuimUS,
2325 3577 2755 3655 perspicuum
2794 3583 2902 3636 est
2932 3575 3108 3636 hanc

657 3664 1053 3743 particulam
1109 3685 1242 3725 non
1299 3666 1547 3745 ubique
1597 3667 1762 3726 satis
1810 3664 2214 3744 perpolitam
2270 3684 2450 3725 esse:
2498 3666 2563 3724 in
2600 3662 2637 3747 ξ
2673 3665 2866 3746 69sq.
2902 3667 3109 3726 etiam

658 3755 743 3814 ab
806 3756 1117 3814 universo
1178 3754 1427 3834 dialogi
1478 3762 1888 3834 argumento
1939 3754 2299 3815 aberratur
2346 3762 2555 3834 atque
2604 3755 2972 3834 praecipue
3022 3755 3109 3814 ab

657 3843 809 3922 §73
861 3842 1170 3922 singulae
1221 3846 1606 3904 sententiae
1656 3863 1791 3904 non
1844 3852 1990 3904 arte
2040 3862 2350 3904 conexae
2400 3852 2575 3905 sunt.
2652 3841 3110 3924 Liitjohann

659 3930 722 4012 (l.
755 3951 810 3993 c.
845 3952 906 4012 p.
942 3932 1097 4014 501)
1147 3932 1304 3992 inde
1339 3932 1670 3993 conclusit
1710 3930 1805 4016 §7
1817 3934 1852 3993 3
1890 3940 1961 3992 et
1993 3934 2248 3993 initium
2286 3932 2431 4013 §74
2463 3940 2709 4011 postea
2738 3931 3111 3993 inculcatas

658 4040 839 4084 esse:
889 4023 1014 4082 sed
1062 4022 1372 4101 neglexit
1420 4021 1613 4082 Ennii
1647 4041 1883 4083 versus
1916 4041 2067 4082 cum
2107 4021 2681 4082 antecedentibus
2720 4021 3111 4083 cohaerere.

659 4108 856 4172 Otto
908 4110 970 4191 (l.
1004 4130 1059 4171 c.
1094 4131 1156 4191 p.
1190 4110 1301 4193 95)
1353 4111 1594 4171 eadem
1642 4130 1851 4171 causa
1894 4111 2229 4172 adductus
2274 4108 2310 4194 ξ
2348 4112 2428 4171 76
2465 4118 2537 4170 et
2570 4108 2605 4193 ξ
2644 4112 2724 4171 73
2760 4112 2847 4171 ab
2881 4112 3109 4171 verbis

658 4197 961 4271 „Solonis
1020 4201 1332 4280 quidem“
1391 4203 1568 4260 inter
1616 4220 1690 4260 se
1747 4208 2201 4280 transponere
2249 4200 2409 4261 vult.
2504 4197 2642 4261 Sed
2691 4218 3107 4280 quamquam

657 4290 836 4348 bene
887 4286 967 4372 ἐξ
1014 4289 1137 4350 illis
1185 4291 1365 4350 inter
1410 4309 1485 4350 se
1525 4291 1960 4350 commutatis
2008 4291 2396 4350 sententiae
2446 4290 2624 4350 inter
2670 4308 2745 4349 se
2786 4291 3120 4368 excipere

657 4376 988 4450 videntur,
1010 4387 1240 4439 tamen
1266 4379 1609 4459 quomodo
1633 4378 1720 4439 ad
1740 4378 1939 4439 Ennii
1959 4399 2197 4440 versus
2217 4380 2474 4439 initium
2500 4375 2632 4461 §77
2657 4378 3113 4458 „equidem—-

659 4487 793 4527 non
845 4470 1022 4528 enim
1076 4469 1293 4542 video,
1342 4488 1463 4529 cur
1511 4468 1673 4547 quid
1719 4469 1865 4547 ipse
1915 4470 2203 4528 sentiam
2256 4468 2343 4528 de
2392 4475 2613 4528 morte
2649 4487 2784 4527 non
2819 4467 3107 4527 audeam

656 4556 852 4617 vobis
901 4557 1162 4617 dicere“
1222 4567 1565 4619 asseratur
1625 4577 1761 4617 non
1821 4558 2252 4637 perspicuum
2306 4565 2429 4617 est.
2524 4554 2596 4617 Si
2652 4556 3106 4636 suspicionem
