3584 5475
537 724 740 785 supra
798 706 1066 785 allatam
1139 708 1446 786 sequaris
1504 706 1614 787 (cf.
1664 726 1727 787 p.
1781 706 1891 787 32)
1952 707 2121 767 haec
2190 707 2403 767 verba
2469 709 2840 790 respiciunt
2908 708 2992 768 ad

537 796 790 867 initium
847 793 1001 878 §76
1052 804 1163 867 „ut
1213 795 1397 855 mihi
1449 796 1719 876 quidem
1773 797 2093 861 vide.tur.“
2142 833 2230 840 —

713 882 790 944 In
844 882 936 967 ἓξ
982 883 1218 961 77178
1263 882 1395 945 Cic.
1438 885 1867 945 demonstrat
1910 877 2197 955 mortem
2235 885 2613 945 timendam
2650 905 2783 946 non
2824 906 2992 958 esse,

537 974 719 1050 quod
751 977 1028 1039 ‚animus
1072 974 1466 1033 immortalis
1505 976 1608 1035 sit.
1685 972 1983 1035 Primum
2019 973 2188 1053 Cato
2226 983 2517 1050 enarrat,
2560 974 2719 1054 quid
2754 976 2993 1035 credat

536 1062 618 1119 de
648 1051 801 1122 ortu
828 1066 1048 1135 animi,
1076 1065 1374 1135 „ratione
1399 1072 1604 1143 atque
1629 1063 2089 1143 disputatione
2113 1062 2470 1142 impulsus“
2494 1060 2560 1146 (ξ
2587 1064 2716 1141 77);
2744 1063 2991 1124 deinde

533 1159 806 1211 secutus
838 1152 1297 1230 „nobilitatem
1335 1160 1404 1212 et
1437 1155 1917 1213 auctoritatem
1952 1172 2367 1221 ⁸summorum
2396 1152 2990 1233 philosophorum“

534 1242 832 1319 exponit,
855 1242 1014 1321 quid
1031 1239 1840 1321 PythagoraS,Socrates,
1858 1240 2250 1321 Xenophon
2281 1241 2636 1314 docuerint
2654 1239 2719 1324 (ξ
2737 1242 2989 1323 77s81);
3040 1260 3045 1265 ’

533 1339 670 1389 tuni
726 1333 1010 1390 transitu
1064 1329 1424 1409 eleganter
1471 1330 1656 1396 facto
1707 1335 1889 1408 („nos
1923 1332 1976 1391 si
2010 1330 2255 1409 placet,
2307 1339 2539 1391 nostra
2570 1331 2987 1413 videamus“)

532 1418 831 1479 ostendit
879 1419 1344 1481 Romanorum
1407 1421 1586 1481 viros
1636 1422 2323 1500 optimos·nunquam
2379 1427 2575 1495 tanta
2622 1428 2989 1481 conaturos

530 1506 753 1580 fuisse,
802 1510 925 1569 nisi
975 1511 1236 1569 animos
1296 1508 1712 1569 immortales
1771 1528 1923 1569 esse
1975 1516 2333 1589 putassent
2384 1505 2450 1591 (ξ
2486 1509 2622 1590 82);
2690 1509 2986 1588 denique

529 1598 910 1675 sapientem
962 1600 1171 1659 virum
1221 1600 1543 1678 aequiore
1586 1600 1813 1658 animo
1859 1618 2061 1679 quam
2106 1597 2381 1658 stultum
2421 1600 2608 1671 mori,
2651 1598 2836 1677 quod
2878 1598 2985 1658 ille

529 1683 796 1765 longius
827 1706 1119 1747 cernens
1151 1688 1323 1747 sciat
1353 1707 1426 1747 se
1454 1688 1537 1747 ad
1569 1687 1848 1747 meliora
1872 1685 2209 1766 proficisci
2235 1694 2573 1747 mortuum
2604 1684 2667 1770 (ξ
2691 1689 2773 1748 83
2801 1687 2986 1770 init).

530 1772 633 1835 Se
683 1778 937 1854 ipsum
992 1777 1266 1856 quidem
1322 1795 1748 1855 magnopere
1801 1776 2055 1848 laetari,
2106 1775 2289 1855 quod
2341 1777 2593 1836 amicos
2641 1776 2873 1845 videre
2908 1796 2985 1837 se

527 1882 732 1942 posse
791 1876 1023 1944 speret
1083 1885 1310 1945 neque
1367 1864 1542 1925 velle
1600 1884 2090 1944 repuerascere
2142 1863 2208 1947 (ξ
2244 1867 2382 1942 8⁴3);
2442 1884 2594 1925 nam
2640 1864 2866 1925 .multa
2916 1868 2979 1926 in

528 1954 667 2013 vita
717 1953 1005 2014 molesta
1055 1974 1208 2014 esse
1260 1962 1467 2034 atque
1519 1974 1772 2026 eorum,
1826 1973 2002 2034 quae
2054 1954 2345 2015 iucunda
2393 1956 2542 2027 sint,
2592 1957 2979 2015 satietatem

527 2052 643 2101 aut
711 2043 983 2104 modum
1057 2064 1228 2104 esse.
1323 2041 1464 2103 Sed
1529 2063 1602 2103 se
1671 2042 1849 2104 nolle
1918 2043 2276 2122 deplorare
2346 2044 2571 2116 vitam,
2631 2062 2781 2103 cum
2845 2064 2979 2104 non

527 2130 777 2191 frustra
825 2135 1072 2203 vixerit
1133 2152 1359 2212 neque
1410 2134 1937 2212 ignoret-,vitam
1992 2143 2339 2212 tamquam
2395 2132 2755 2212 hospitium
2809 2152 2982 2194 esse.

527 2218 825 2280 Maxime
871 2233 1096 2282 autem
1145 2242 1218 2282 se
1265 2222 1592 2301 gaudere,
1636 2222 1822 2302 quod
1854 2220 2053 2281 filiuni
2094 2231 2251 2299 post
2286 2230 2572 2281 mortem
2609 2222 2860 2283 videat.
2895 2258 2977 2265 —

461 2331 466 2335 ·
527 2307 675 2369 l-lac
735 2310 797 2370 in
861 2320 1057 2390 parte
1118 2314 1333 2372 oratio
1387 2310 1596 2371 multo
1649 2310 1886 2370 melius
1934 2310 2078 2371 fluit
2129 2329 2327 2390 quam
2382 2312 2448 2370 in
2500 2312 2725 2390 priore
2774 2314 2979 2390 parti-

523 2396 674 2457 cula
724 2410 1009 2478 quartae
1058 2402 1290 2481 partiS.

676 2485 738 2570 ξ
790 2490 870 2549 85
941 2490 1283 2550 conclusio
1347 2491 1554 2550 totius
1605 2489 1857 2569 dialogi
1907 2497 2030 2550 est.
2121 2488 2558 2568 Perspicuum
2614 2498 2717 2549 est
2765 2491 2979 2549 verba

523 2574 686 2647 „His
723 2578 883 2637 mihi
915 2579 1560 2639 rebus—iucunda“
1593 2579 1938 2657 respicere
1974 2578 2057 2637 ad
2083 2577 2417 2657 Scipionis
2454 2579 2667 2638 verba
2692 2574 2750 2660 (ξ
2773 2578 2853 2655 4),
2890 2599 2979 2639 ex

523 2666 767 2744 quibus
809 2670 1222 2748 comparatis
1272 2669 1461 2728 vides
1506 2664 1837 2727 Catonem
1891 2666 2041 2747 plus
2084 2668 2464 2727 ostendisse
2508 2674 2709 2748 quam
2746 2665 2975 2748 Scipio

523 2757 893 2834 cupiverat.
969 2757 1238 2818 Deinde
1289 2760 1529 2818 iterum
1585 2759 1668 2818 de
1711 2757 2220 2818 immortalitate
2271 2758 2473 2816 animi
2514 2756 2793 2830 locutuS,
2842 2776 2978 2836 qua

521 2845 584 2903 in
621 2863 695 2903 re
725 2849 953 2906 nescio
989 2868 1074 2907 an
1101 2867 1274 2908 voce
1311 2849 1533 2920 „erro“'
1567 2856 1672 2906 ter
1705 2847 2012 2907 adhibita
2046 2846 2130 2906 ad
2156 2847 2555 2924 sapientiam
2594 2843 2975 2926 aScipione

522 2931 862 2995 laudatam
913 2939 1246 3016 respiciat,
1298 2936 1669 2996 orationem
1726 2945 1885 3015 apte
1936 2935 2083 2996 finit
2120 2937 2562 2996 contentione
2601 2937 2976 2996 senectutis

519 3041 668 3082 cuni
723 3023 995 3084 fabulae
1045 3027 1444 3105 peractione
1503 3027 1812 3084 instituta
1832 3023 1889 3100 ¹).
1983 3025 2096 3084 Ad
2149 3035 2532 3084 extrem-um
2583 3043 2968 3108 sermonem

519 3113 867 3189 aptissime
917 3113 1277 3187 concludit,
1335 3133 1482 3174 cum
1527 3124 1749 3192 optet,
1812 3122 1883 3174 ut
1932 3113 2158 3192 Scipio
2209 3120 2277 3172 et
2330 3111 2593 3172 Laelius
2642 3133 2740 3185 ea,
2793 3132 2969 3193 quae

518 3200 913 3274 audiverint,
965 3223 1070 3277 „re
1123 3205 1390 3282 experti
1439 3204 1769 3282 probare“
1820 3205 2101 3282 possint..

692 3377 910 3459 Spero
952 3401 1036 3440 ex
1089 3383 1185 3441 eis
1228 3400 1404 3461 quae
1446 3382 1782 3458 disputavi
1833 3400 2166 3460 apparere
2216 3389 2407 3455 recta
2448 3399 2599 3439 esse
2640 3400 2739 3452 ea,
2791 3399 2967 3460 quae

514 3469 576 3527 in
615 3470 800 3529 initio
833 3474 916 3549 (p.
941 3471 1162 3550 fisqq.)
1198 3471 1484 3549 exposui
1519 3471 1604 3530 de
1628 3467 1760 3532 Cic,
1798 3471 2179 3550 propositis,
2207 3471 2451 3549 quibus
2486 3469 2600 3529 tali
2633 3478 2967 3549 tantoque

515 3555 744 3636 lepore
795 3557 1509 3621 Catonis‘sermonem
1565 3558 1825 3636 affecit3
1894 3579 2103 3639 quare
2154 3561 2282 3619 iam
2337 3577 2469 3618 non
2520 3566 2660 3618 stat
2706 3558 2964 3619 illorum

513 3648 802 3707 virorum
874 3650 1244 3722 sententia,
1314 3650 1426 3727 qui
1492 3657 1937 3709 retractatum
2012 3669 2161 3707 esse
2230 3647 2465 3707 librum
2534 3659 2967 3708 censuerunt.
3006 3714 3008 3717 ,

513 3731 843 3796 Catonem
897 3737 1356 3817 neglegenter
1418 3739 1741 3816 scriptum
1814 3757 1967 3797 esse
2031 3736 2485 3818 Liitjohann
2553 3737 2753 3796 etiam
2806 3737 2963 3796 inde

513 3825 845 3886 conclusit
893 3826 1031 3904 (1.6.
1066 3847 1128 3907 p.
1162 3827 1333 3903 496),
1373 3827 1554 3906 quod
1592 3823 1725 3887 Cic.
1761 3825 2081 3886 nonnulla
2114 3846 2248 3886 non
2286 3826 2369 3885 ad
2406 3826 2724 3885 historiae
2758 3824 2960 3885 fidem

515 3917 831 3977 narravit.
865 3916 1196 3976 Attamen
1231 3915 1356 3976 loci
1386 3913 1947 3994 aLahmeyero
1983 3914 2249 3974 collecti
2275 3912 2514 3992 (ad.IV
2534 3915 2694 3993 p.10
2717 3915 2964 3990 adnl'),

511 4005 753 4082 quibus
802 4003 908 4064 ille
956 4007 1057 4065 vir
1091 4005 1332 4065 doctus
1367 4006 1622 4076 nititur,
1681 4005 2045 4063 maximam
2096 4011 2361 4082 partem
2416 4022 2546 4063 non
2598 4005 2738 4082 apti
2787 4013 2963 4077 sunt,

510 4093 754 4171 quibus
786 4092 1101 4154 fulciatur
1131 4096 1358 4173 opinio
1394 4096 1554 4154 eius,
1602 4092 1688 4155 M.
1710 4091 1936 4152 Livius
1958 4090 2297 4152 Salinator
2330 4112 2451 4171 pro
2474 4090 2662 4152 Livio
2685 4091 2959 4152 Macato

509 4199 640 4240 non
692 4180 904 4242 solum
957 4185 1020 4242 in
1072 4183 1108 4262 ξ
1156 4183 1231 4244 11
1285 4179 1577 4248 Catonis,
1627 4182 1750 4241 sed
1799 4183 2001 4241 etiam
2054 4183 2118 4240 in
2170 4180 2338 4242 libro
2376 4181 2432 4240 H
2480 4182 2601 4254 „de
2651 4188 2958 4252 oratore“

687 4339 726 4405 ¹)
764 4340 886 4389 Anz
925 4341 1001 4404 (in
1040 4341 1128 4390 ed.
1159 4338 1387 4390 Catonis
1414 4341 1488 4390 IV
1531 4339 1687 4406 1909)
1727 4340 1884 4390 dicit:
1925 4339 2066 4400 „Die
2096 4340 2291 4390 Worte
2320 4339 2640 4406 „quodsi——
2663 4340 2956 4390 satietate“

505 4411 626 4460 sind
683 4413 870 4461 neben
926 4412 1056 4462 dem
1112 4411 1620 4476 vorhergehenden
1679 4410 1995 4479 schalkhaft
2057 4410 2458 4462 auslaufenden
2522 4412 2631 4460 und
2693 4411 2802 4461 sein
2861 4413 2953 4460 ab·

505 4481 906 4533 schliessenden
944 4482 1259 4534 Gedanken
1307 4499 1407 4534 aus
1448 4482 1834 4549 sprachlichen
1882 4483 1992 4532 und
2034 4482 2327 4547 logischen
2366 4480 2627 4532 Griinden
2677 4485 2955 4548 unci-trag·

504 4551 667 4603 lich.“
743 4554 917 4604 Immo
957 4554 1315 4604 contentione
1355 4553 1446 4604 illa
1485 4555 1658 4604 oratio
1697 4554 1868 4604 multo
1906 4554 2104 4604 melius
2142 4553 2501 4604 concluditur.

568 4696 574 4702 ,
609 4657 820 4701 schram.
2565 4657 2598 4710 3
