3584 5475
1479 536 1917 595 ....49—

629 713 798 773 Item
835 722 1126 793 apparet
1156 714 1221 773 in
1244 709 1505 774 Catone
1538 714 1762 773 inesse
1799 712 2217 773 doctrinas
2251 709 2701 773 Stoicorum
2742 711 2847 792 (ἓξ
2868 716 2927 774 4.

473 806 527 864 5.
551 807 607 863 9.
631 804 731 877 33,
758 804 838 864 10
851 821 1001 882 sqq.
1023 804 1102 863 67
1115 802 1274 883 3‘70).
1308 801 1446 863 Iam
1471 821 1677 875 supra
1700 804 1905 881 (p.45)
1928 801 2405 862 adnotavimus
2427 821 2545 862 eas
2565 803 2696 862 iam
2722 814 2925 863 antea

471 889 602 953 Cic.
635 900 834 952 notas
868 891 1093 953 fuisse.
1145 891 1310 951 inde
1349 893 1496 971 quis
1530 890 1894 952 concludat
1928 890 2235 951 consulto
2267 887 2401 951 Cic.
2424 888 2653 952 Stoica
2682 888 2925 951 Catoni
3021 926 3029 931 -

471 982 801 1059 tribuisse,
846 982 1034 1042 cuius
1077 1000 1420 1060 pronepos
1465 987 1650 1039 esset
1683 977 1853 1041 Cato
1888 978 2013 1052 ille,
2054 981 2169 1060 qui
2206 976 2588 1040 Stoicorum
2633 978 2923 1059 philoso-

469 1072 668 1150 phiae
686 1070 888 1150 plane
913 1080 1059 1130 erat
1080 1069 1368 1131 deditus
1398 1068 1539 1131 Sed
1556 1069 1726 1129 haec
1749 1062 2041 1149 suspicio
2069 1069 2227 1129 mihi
2246 1088 2381 1128 non
2404 1070 2749 1149 probatur,
2768 1088 2919 1129 cum

469 1158 571 1220 illa
597 1159 829 1221 Stoica
849 1178 1000 1221 cum
1027 1159 1168 1220 aliis
1199 1160 1557 1219 sententiis
1579 1160 1693 1230 eiS,
1726 1177 1903 1238 quae
1926 1166 2115 1218 certe
2138 1156 2271 1219 Cio.
2294 1178 2384 1218 ex
2403 1156 2595 1218 fonte
2618 1160 2923 1237 sumpsit,

471 1268 597 1309 nec
648 1269 779 1310 non
835 1268 984 1309 cum
1038 1247 1314 1309 Bioneis
1363 1249 1724 1310 coniuncta
1759 1248 1910 1308 sint.
1977 1245 2338 1309 Sententia
2371 1246 2633 1307 Bionea
2663 1248 2728 1307 in
2766 1248 2803 1326 ξ
2839 1250 2920 1309 33

469 1337 670 1398 allata
719 1337 832 1417 (cf.
882 1358 943 1421 p.
977 1330 1092 1420 48)
1142 1339 1475 1398 artissime
1523 1356 1792 1397 conexa
1842 1344 1949 1396 est
2002 1356 2155 1397 cum
2202 1338 2431 1397 verbis
2473 1337 2921 1415 sequentibus

469 1447 736 1500 „cursus
796 1436 903 1487 est
959 1436 1188 1487 certus
1248 1428 1494 1487 aetatis
1551 1434 1622 1486 et
1682 1445 1815 1485 una
1871 1427 1979 1486 via
2029 1434 2313 1486 naturae
2362 1444 2583 1504 eaque
2631 1425 2922 1505 simplex

467 1525 724 1597 suaque
792 1518 1038 1596 cuique
1106 1519 1284 1597 parti
1351 1517 1596 1577 aetatis
1663 1516 2165 1595 tempestivitas
2234 1522 2341 1574 est
2402 1514 2614 1588 data“,
2676 1516 2920 1595 quibus

467 1606 777 1666 doctrina
843 1608 1219 1686 praebetur
1283 1602 1532 1667 Stoica.
1645 1604 1899 1665 Eadem
1973 1604 2113 1664 aliis
2181 1604 2407 1663 verbis
2476 1604 2789 1664 dicuntur
2854 1606 2916 1664 in

467 1694 898 1756 similitudine
932 1696 1274 1755 histrionis
1305 1696 1368 1754 in
1393 1695 1429 1774 ξ
1453 1697 1490 1755 5
1515 1694 1839 1755 adhibita.
1909 1693 2006 1753 Ea
2026 1712 2319 1774 quoque,
2341 1712 2517 1772 quae
2541 1700 2920 1773 sequuntur

466 1783 638 1845 illam
690 1786 755 1844 in
806 1784 914 1864 §5
965 1785 1122 1857 „sed
1171 1792 1401 1844 tamen
1453 1803 1739 1844 necesse
1789 1782 1917 1844 fuit
1956 1803 2107 1843 esse
2144 1782 2393 1862 aliquid
2428 1789 2811 1842 extremum
2848 1790 2920 1841 et

465 1883 812 1953 tamquam
894 1875 957 1933 in
1038 1874 1354 1933 arborum
1438 1874 1627 1934 bacis
1692 1882 2059 1953 terraeque
2126 1871 2457 1932 fructibus
2524 1872 2917 1931 maturitate

463 1965 877 2041 tempestiva
911 1965 1098 2043 quasi
1135 1963 1386 2023 vietum
1425 1970 1495 2021 et
1527 1961 1880 2033 caducum,
1916 1962 2096 2041 quod
2121 1960 2474 2021 ferendum
2502 1970 2607 2020 est
2630 1958 2919 2020 molliter

465 2053 789 2131 sapienti“'
824 2061 1214 2131 congruunt
1247 2070 1402 2112 cum
1439 2052 1664 2111 verbis
1697 2051 1839 2131 §33
1880 2058 1989 2123 „ut
2029 2044 2523 2109 —‘senectutis
2563 2051 2917 2110 maturitas

466 2140 771 2201 naturale
823 2142 1158 2221 quiddam⁴
1199 2141 1470 2213 habeat,
1521 2141 1703 2221 quod
1753 2159 1876 2200 suo
1928 2147 2237 2218 tempore
2286 2140 2547 2218 percipi
2596 2138 2914 2214 debeat“;

463 2232 750 2291 verbum
787 2232 963 2294 enim
1004 2232 1430 2310 ‚,percipere“
1466 2238 1536 2289 et
1570 2232 1635 2290 in
1672 2226 1709 2312 ξ
1745 2230 1831 2291 24
1866 2239 1934 2288 et
1986 2230 2047 2287 in
2086 2228 2121 2308 ξ
2159 2226 2362 2289 70fin.
2396 2247 2550 2289 cum
2586 2226 2915 2299 „fructus“

463 2338 632 2380 voce
701 2322 1134 2380 coniunctum
1208 2328 1330 2379 est.
1422 2317 1801 2398 Praecipue
1864 2319 2209 2377 sententia
2264 2314 2499 2378 Stoica
2558 2316 2752 2397 „quid
2810 2326 2916 2376 est

463 2410 638 2469 enim
721 2408 930 2469 aliud
977 2406 1352 2488 Gigantum
1430 2408 1634 2468 modo
1710 2406 1967 2468 bellare
2045 2425 2200 2467 cum
2271 2405 2369 2466 dis
2439 2407 2562 2465 nisi
2629 2412 2913 2465 naturae

459 2506 904 2577 repugnare“,
939 2518 1116 2578 quae
1151 2497 1515 2558 similitudo
1549 2516 1881 2577 nusquam
1920 2496 2099 2575 apud
2123 2492 2255 2556 Cic.
2290 2497 2691 2567 inveniatur,
2725 2502 2914 2554 certe

463 2608 551 2647 ex
609 2586 800 2647 fonte
851 2586 1120 2649 Graeco
1179 2595 1452 2666 sumpta
1512 2595 1634 2647 est.
1726 2584 1939 2646 Porro
1988 2586 2201 2646 verba
2250 2582 2379 2667 §Q
2428 2603 2562 2663 qua
2611 2580 2910 2644 Stoicam

465 2677 840 2738 doctrinam
912 2678 1248 2739 contineri
1317 2696 1518 2735 nemo
1579 2694 1710 2735 non
1769 2674 1976 2745 videt,
2036 2693 2245 2754 „quae
2307 2673 2423 2754 (sc.
2481 2674 2787 2751 virtutes)
2846 2673 2911 2731 in

463 2769 645 2826 omni
695 2775 926 2827 aetate
976 2765 1200 2827 cultae
1250 2764 1565 2826 mirificos
1615 2764 1927 2825 ecferunt
1976 2763 2268 2824 fructus“
2328 2764 2699 2824 concinunt
2754 2755 2909 2822 cum

459 2857 685 2916 verbis
721 2854 798 2939 ἕξ
821 2859 858 2917 5
885 2865 955 2916 et
978 2856 1078 2917 33.
1141 2855 1309 2916 Item
1349 2856 1694 2915 sententia
1727 2852 1830 2937 §4
1866 2852 1977 2934 (cf.
2003 2872 2209 2932 supra
2240 2872 2302 2931 p.
2328 2851 2543 2932 47sq.)
2578 2852 2912 2911 artissime

459 2945 790 3006 cohaeret
839 2965 987 3006 cum
1043 2946 1270 3006 verbis
1319 2953 1549 3018 „tanta
1597 2952 1703 3003 est
1750 2942 2077 3003 stultitiae
2128 2942 2583 3002 inconstantia
2635 2959 2713 3000 ac
2761 2959 2913 3019 per—

460 3037 796 3105 versitas“,
854 3035 942 3095 ad
1001 3054 1177 3114 quae
1240 3035 1366 3094 iam
1431 3053 1560 3094 van
1623 3032 1745 3093 der
1795 3031 1941 3092 Ton
2003 3031 2064 3110 (l.
2098 3051 2154 3091 c.
2188 3028 2249 3110 ρ’.
2292 3030 2399 3111 22)
2450 3028 2674 3090 attulit
2720 3036 2912 3089 recte

456 3124 776 3202 placitum
841 3122 1142 3187 Stoicum
1205 3123 1328 3195 ,,ὅτι
1387 3127 1512 3191 πᾶς
1566 3123 1798 3202 ἄφρων
1842 3122 2173 3202 μαίνεται“.
2259 3118 2435 3180 Nam
2496 3137 2911 3198 quamquam

455 3211 626 3273 Cato
688 3215 910 3292 magis
965 3212 1318 3272 stultitiam
1377 3213 1658 3272 rationis
1713 3211 1986 3272 vivendi
2047 3211 2433 3288 vituperare
2500 3207 2643 3267 vult
2706 3227 2906 3286 quam

455 3303 789 3362 inscitiam
843 3301 1195 3362 doctrinae
1244 3301 1708 3380 philosophae,
1769 3308 1999 3359 tamen
2059 3298 2216 3358 illud
2266 3299 2493 3358 vitium
2561 3297 2625 3355 in
2676 3296 2787 3376 §4
2839 3305 2911 3356 et

362 3442 368 3448 .
456 3388 494 3473 ξ
531 3393 608 3452 67
661 3390 967 3452 similiter
1012 3392 1432 3470 gravissimis
1466 3390 1692 3451 verbis
1735 3390 2117 3488 castigatur
2158 3398 2365 3466 atque
2408 3387 2473 3446 in
2518 3384 2623 3445 illo
2658 3383 2909 3464 placito

458 3478 862 3542 Stoicorum.
941 3479 1190 3540 Iterum
1247 3480 1492 3540 dixerit
1542 3480 1708 3558 quiS,
1755 3476 1907 3550 Cic„
1959 3480 2071 3557 qui
2119 3476 2273 3537 illud
2308 3477 2373 3535 in
2410 3474 2761 3556 paradoxo
2795 3471 2910 3533 IV.

455 3571 872 3643 tractaverit,
903 3571 1116 3648 ipsum
1153 3568 1262 3629 illa
1292 3570 1513 3629 verba
1538 3569 1814 3628 adicere
1844 3553 2145 3646 potuisse
2170 3565 2256 3626 ad
2281 3565 2530 3625 dictum
2556 3563 2910 3624 Bioneum.
2996 3567 2998 3569 ’

455 3656 593 3720 Sed
655 3679 812 3719 num
871 3665 1072 3738 putat
1119 3659 1478 3738 quisquam
1529 3665 1600 3717 et
1649 3677 1748 3728 ea,
1801 3675 1976 3735 quae
2026 3663 2401 3734 sequuntur
2448 3655 2511 3714 in
2556 3650 2602 3735 ξ
2636 3656 2677 3714 4
2725 3651 2906 3712 illum

456 3747 676 3808 locum
716 3747 758 3829 (,
764 3745 1142 3826 ,Obrepere
1178 3752 1365 3807 aiunt
1396 3783 1484 3791 —
1517 3754 1967 3806 senectutem*
1972 3744 2011 3825 ⁴)
2047 3752 2118 3803 et
2152 3764 2250 3817 ea,
2286 3762 2461 3823 quae
2496 3744 2559 3802 in
2598 3739 2675 3824 ἐξ
2714 3743 2908 3820 67sq.
2958 3745 2961 3748 ’

453 3835 792 3916 leguntur,
851 3837 1094 3916 quibus
1136 3835 1298 3896 locis
1337 3837 1762 3915 vituperetur
1808 3835 2045 3894 eadem
2095 3831 2377 3893 stultitia
2426 3829 2537 3913 (cf.
2570 3850 2632 3910 p.
2664 3830 2909 3909 46sq.),

453 3924 742 3986 Tullium
796 3927 880 3986 de
931 3945 1070 4004 suo,
1122 3946 1257 3985 non
1307 3945 1396 3986 ex
1427 3925 1619 3986 fonte
1654 3925 2061 4002 sumpsisse?
2123 3920 2499 4000 Praecipue
2530 3939 2623 3981 ea
2657 3917 2909 3991 Stoica,

457 4033 634 4094 quae
684 4017 913 4075 insunt
961 4016 1023 4074 in
1077 4012 1113 4096 ξ
1153 4017 1251 4088 70,
1301 4036 1389 4074 ex
1435 4013 1626 4074 fonte
1678 4033 1778 4084 eo,
1831 4031 1965 4091 quo
2018 4011 2355 4090 agebatur
2404 4011 2489 4069 de
2530 4015 2909 4080 senectute,

453 4124 604 4164 esse
655 4113 928 4183 sumpta
976 4113 1268 4183 apparet
1313 4104 1488 4174 inde,
1539 4103 1720 4182 quod
1760 4104 1825 4162 in
1868 4101 2068 4161 Tusc.
2105 4099 2295 4179 Disp.
2330 4098 2364 4160 l.
2396 4097 2442 4171 I,
2491 4116 2902 4177 quamquam

452 4194 794 4253 sententia
861 4195 1200 4272 reperitur
1265 4193 1506 4260 eadem
1577 4189 1682 4274 (ξ’
1708 4192 1848 4253 109.
1916 4189 2170 4263 „Nemo
2236 4207 2473 4267 parum
2545 4187 2653 4245 diu
2721 4187 2907 4256 vixit,

453 4285 565 4361 qui
641 4283 904 4342 virtutis
980 4281 1333 4361 perfectae
1409 4280 1720 4360 perfecto
1797 4279 2069 4339 functus
2145 4285 2252 4336 est
2326 4281 2643 4336 munere“
2721 4271 2757 4356 ξ
2821 4276 2905 4334 95

453 4380 697 4443 „totam
761 4373 891 4431 vim
955 4372 1134 4431 bene
1189 4371 1462 4431 vivendi
1508 4372 1571 4430 in
1624 4371 1824 4430 animi
1876 4368 2121 4427 robore
2176 4403 2248 4410 —
2306 4374 2376 4425 et
2425 4367 2606 4425 omni
2654 4365 2904 4424 virtute

452 4479 802 4539 ponamuS,
851 4479 1124 4534 senon
1176 4462 1239 4520 in
1293 4458 1716 4538 longitudine
1767 4459 1982 4516 vitae“
2033 4454 2115 4516 cf.
2165 4452 2201 4537 ξ
2254 4456 2375 4531 93),
2424 4462 2654 4514 tamen
2708 4453 2904 4512 deest

451 4549 814 4616 similitudo
893 4558 964 4609 et
1041 4549 1382 4632 histrionis
1458 4558 1528 4607 et
1602 4548 1923 4607 autumni.
2036 4542 2221 4622 Quas
2290 4546 2354 4603 in
2426 4541 2462 4625 ξ
2523 4545 2559 4603 5
2627 4539 2906 4602 Catonis

556 4668 770 4713 Schsbter.
2513 4665 2549 4714 4
