3584 5475
1499 1394 1979 1476 Exordium.

696 1557 800 1617 Ex
847 1557 970 1619 illis
1018 1559 1461 1638 temporibus,
1515 1558 1759 1637 quibus
1809 1558 2100 1620 studium
2141 1554 2559 1620 Graecorum
2612 1567 2683 1619 et
2714 1559 2968 1621 Roma-

520 1666 759 1707 norum
795 1648 1186 1725 resurrexit,
1223 1666 1437 1727 usque
1460 1647 1550 1707 ad
1585 1654 1883 1707 aetatem
1923 1655 2223 1709 nostram
2261 1649 2325 1707 in
2350 1648 2597 1709 scholis
2630 1649 2969 1729 discipulis

520 1737 633 1809 ei8‚
695 1737 809 1816 qui
855 1738 920 1797 in
970 1737 1193 1797 studio
1245 1738 1678 1816 antiquorum
1730 1736 1933 1816 paulo
1984 1738 2205 1817 magis
2254 1745 2631 1812 versantur,
2677 1741 2967 1819 proponi

516 1824 693 1886 solet
739 1823 1084 1887 Ciceronis
1133 1824 1394 1886 libellus
1443 1825 1571 1899 ille,
1621 1844 1755 1905 quo
1806 1827 2034 1905 agitur
2082 1826 2167 1886 de
2217 1834 2593 1888 senectute.
2685 1827 2771 1887 Et
2817 1829 2961 1888 iure

517 1933 598 1975 ac
641 1916 912 1991 merit03
963 1934 1122 1975 nam
1157 1912 1326 1977 Cato
1363 1916 1578 1975 maior
1620 1916 1798 1974 inter
1830 1912 2176 1977 Ciceronis
2210 1918 2463 1996 scripta
2503 1916 2970 1997 philosophica

517 2004 765 2063 eximia
832 2012 1195 2065 venustate
1271 2004 1659 2085 praestatl).
1767 2002 2147 2084 Praecipue
2206 2004 2506 2083 Jacobus
2573 2002 2829 2068 Grimm
2901 2006 2967 2065 in

515 2094 822 2155 oratione
845 2093 930 2154 de
953 2101 1312 2154 senectute
1349 2094 1585 2154 habita
1599 2092 1650 2174 Ξ)
1686 2093 1818 2154 hoc
1856 2111 2023 2173 opus
2057 2093 2365 2155 laudibus
2397 2094 2640 2155 extulit
2670 2096 2968 2155 summiS.

515 2178 654 2242 Sed
689 2184 1000 2262 quamvis
1048 2192 1340 2263 magnus
1382 2184 1467 2242 sit
1508 2182 1768 2243 fructus
1818 2184 1987 2256 eiuS,
2047 2184 2155 2263 qui
2217 2202 2621 2263 magnorum
2673 2186 2962 2257 virorum

516 2272 836 2350 operibus
907 2271 1302 2352 simpliciter
1345 2271 1749 2350 ‘delectetur
1806 2291 2047 2332 causas
2106 2272 2568 2332 admirationis
2616 2292 2781 2333 suae
2831 2292 2965 2333 non

514 2378 785 2433 curam,
853 2370 1086 2422 tamen
1135 2356 1366 2422 nescio
1417 2381 1501 2421 an
1560 2362 1887 2441 gaudium
1945 2362 2175 2440 capiat
2235 2360 2443 2422 multo
2494 2364 2709 2422 maius
2758 2369 2967 2442 atque

516 2448 736 2510 utilius
784 2452 864 2523 is,
932 2452 1048 2531 qui
1098 2470 1231 2531 qua
1280 2452 1388 2511 via
1447 2460 1518 2510 et
1564 2451 1830 2511 ratione
1890 2452 2151 2511 auctori
2201 2452 2597 2531 contigerit,
2668 2459 2739 2510 ut
2797 2470 2967 2532 opus
3052 2458 3054 2461 ⁴

515 2538 963 2600 admiratione
988 2539 1268 2619 dignum
1294 2538 1685 2613 conficeret,
1715 2541 1932 2619 probe
1964 2539 2339 2620 intellegat.
2368 2539 2512 2600 Viri
2537 2540 2720 2601 docti
2742 2541 2821 2612 ei,
2856 2541 2969 2619 qui

495 2625 844 2689 'Catonern
883 2631 1206 2691 maiorem
1255 2630 1687 2709 interpretati
1729 2638 1903 2701 sunt,
1952 2648 2368 2709 quamquam
2418 2628 2529 2689 illa
2578 2648 2851 2709 quoque
2901 2630 2963 2688 in

518 2719 919 2798 quaestione
958 2720 1208 2780 versati
1255 2726 1430 2792 sunt,
1478 2726 1709 2780 tamen
1761 2719 2061 2780 nondum
2097 2720 2262 2780 satis
2297 2717 2661 2798 diligenter
2698 2720 2967 2799 perqui-

491 2809 834 2882 siverunt,
901 2809 1064 2888 quid
1111 2805 1244 2870 Cic.
1300 2811 1364 2868 in
1425 2808 1908 2889 componendo
1971 2808 2140 2869 libro
2200 2816 2504 2870 sectatus
2553 2809 2656 2869 sit.
2748 2806 2967 2869 Labo-

513 2917 656 2957 rem
701 2898 902 2958 etiam
959 2899 1288 2958 minorem
1342 2898 1881 2976 impertiverunt
1913 2896 2001 2957 illi
2051 2899 2450 2979 quaestioni,
2502 2916 2677 2977 quae
2728 2906 2834 2957 est
2883 2897 2966 2957 de

515 2985 818 3047 fontibus
886 2984 1164 3047 Catonis
1233 2988 1522 3047 maioris,
1615 2984 1995 3066 Propterea
2061 2988 2257 3048 nobis
2324 2988 2799 3066 proposuimus
2865 2986 2967 3046 his

517 3075 1031 3155 quaestionibus
1099 3094 1377 3154 operam
1448 3094 1701 3135 navare
1771 3083 1979 3155 atque
2044 3077 2153 3154 ita,
2223 3084 2295 3136 ut
2351 3077 2575 3156 priore
2624 3084 2821 3154 parte
2881 3074 2965 3134 de

514 3163 1025 3242 compositione,
1059 3170 1255 3242 parte
1287 3162 1588 3223 secunda
1623 3163 1706 3222 de
1737 3163 2041 3246 fontibus
2063 3160 2339 3243 Catonis
2367 3165 2636 3224 maioris
2663 3183 2966 3244 agamus,

1473 3589 1680 3670 Pars
1735 3591 2037 3688 prima.

1019 3750 1161 3842 ‚De
1210 3750 1722 3833 compositione
1771 3748 2056 3817 Catonis
2103 3751 2419 3818 maioris.

617 3891 620 3894 ’
689 3875 819 3955 Qui
867 3875 1002 3939 Cic.
1052 3877 1138 3937 de
1186 3884 1547 3937 senectute
1607 3875 1847 3937 librum
1902 3875 2291 3956 diligentius
2350 3877 2692 3958 perlegit„
2725 3877 2967 3937 haeret

511 3969 780 4046 saepius
827 3969 892 4027 in
944 3966 1125 4038 lociS‚
1176 3966 1290 4026 ubi
1339 3973 1410 4025 et
1461 3967 1684 4026 verbis
1752 3975 1826 4035 et
1879 3967 2237 4026 sententiis
2294 3967 2553 4026 iteratis
2603 3965 2966 4041 offenditur

512 4065 721 4136 atque
773 4057 887 4136 qui
934 4056 1861 4127 sit'sententiarum'nexuS,
1911 4063 2028 4115 aut
2085 4075 2219 4116 non
2279 4053 2476 4115 facile
2528 4066 2642 4116 aut
2692 4057 2963 4116 omnino

512 4165 644 4206 non
695 4147 1040 4225 perspicit.
1136 4142 1330 4224 Quae
1391 4164 1504 4205 res
1553 4145 1639 4204 ab
1691 4143 1835 4204 aliis
1881 4137 2045 4205 viris
2098 4144 2317 4204 doctis
2375 4143 2568 4206 aliter
2624 4144 2967 4225 explicata

512 4242 634 4296 est.
719 4234 1121 4296 Meissner
1154 4232 1273 4316 (Zu
1310 4230 1609 4296 Cicero's
1643 4229 1815 4294 Cato
1857 4235 2089 4294 maior.
2114 4228 2359 4312 Jahrb.
2405 4231 2451 4293 f.
2498 4232 2697 4293 klass.
2734 4231 2965 4293 Philol.

689 4410 728 4476 1)
769 4409 836 4462 cf.
867 4407 1411 4472 O.Weissenfe1s,
1451 4408 1564 4461 Cic.
1597 4409 1678 4460 als
1703 4393 2275 4460 schulschrirtsteue‘r.
2338 4407 2519 4474 Leipz.
2552 4406 2689 4458 1892
2715 4425 2767 4476 p.
2796 4407 2963 4458 222ff.

689 4481 731 4548 ²)
769 4481 934 4533 Rede
971 4483 1112 4533 iiber
1148 4483 1251 4534 das
1289 4482 1464 4542 Alter,
1503 4481 1772 4548 gehalten
1815 4481 1865 4530 in
1906 4481 2007 4531 der
2042 4479 2263 4546 Konigl.
2303 4479 2622 4530 Akademie
2660 4479 2761 4530 der
2797 4477 2965 4530 Wiss.

511 4569 577 4603 zu
615 4553 796 4604 Berlin
841 4553 992 4604 1860.
1054 4585 1059 4588 -
