3584 5475
1499 589 1935 648 „53—

481 767 886 846 ,πέμψαντος
937 770 1048 828 τοῦ
1095 763 1580 845 ΙΙεισιστροὶτουιι
1646 765 1805 825 illud
1873 766 2121 826 dixisse
2190 766 2390 838 tradi,
2457 784 2611 826 cum
2680 767 2743 825 in
2801 767 2941 826 vita

482 853 750 916 Solonis
817 855 1040 935 legam
1054 874 1126 915 us
1184 854 1472 931 ,πολλῶν
1530 854 1957 917 νουθετέντων
2010 854 2117 916 καὶ
2170 854 2731 935 πυνθανομένωνίί.
2833 852 2939 916 Ne

481 945 638 1006 inde
689 944 982 1024 quidem,
1032 944 1215 1024 quod
1265 946 1325 1004 in
1373 946 1510 1005 vita
1543 954 1616 1003 et
1649 942 2001 1004 Flaminini
2038 947 2115 1023 (c.
2154 944 2265 1025 18)
2296 953 2367 1004 et
2398 941 2678 1006 Catonis
2712 942 2793 1023 (c.
2834 944 2938 1025 17)

479 1032 883 1094 Plutarchus
917 1042 1412 1095 commemorat
1432 1029 1566 1094 Cic.
1590 1033 2057 1093 desenectute
2079 1032 2339 1107 librum,
2373 1032 2687 1093 concludi
2708 1042 2940 1113 potest

482 1142 633 1183 eum
661 1120 795 1183 Cic
817 1120 1080 1186 Catone
1107 1142 1293 1183 usum
1321 1141 1492 1195 esse,
1525 1141 1677 1182 cum
1702 1119 1845 1182 Leo
1870 1120 2004 1201 (die
2026 1123 2283 1202 griech.
2288 1120 2481 1184 -ι-ὃιη.
2504 1121 2938 1223 Biographie‚

480 1230 544 1291 p.
582 1212 848 1293 lsssssq.)
896 1219 1088 1273 recte
1139 1211 1519 1272 ostenderit
1567 1230 1722 1271 eum
1773 1211 2197 1271 adhibuisse
2192 1224 2585 1283 auctorem,
2643 1212 2755 1292 qui
2806 1213 2935 1272 iam

481 1300 773 1381 Nepotis
805 1302 1010 1361 vitam
1036 1297 1314 1363 Catonis
1335 1312 1406 1359 et
1427 1298 1768 1380 dialogum
1797 1290 1931 1362 Cic.
1952 1300 2376 1362 adhibuerat.
2396 1298 2935 1361 —Plutarchum

481 1389 778 1451 Tithono
832 1392 980 1470 ipso
1032 1409 1220 1450 usum
1273 1408 1422 1451 esse
1475 1389 1634 1449 mihi
1684 1408 1820 1450 non
1868 1389 2227 1450 verisimile
2280 1389 2562 1451 videtur.
2626 1389 2700 1450 In
2752 1391 2937 1450 initio

479 1498 536 1540 c.
575 1482 651 1541 17
703 1480 988 1559 exponit
1045 1488 1115 1540 ut
1164 1477 1550 1551 Tithonum,
1607 1480 1662 1539 si
1709 1479 1860 1558 quis
1909 1486 2171 1557 patrem
2230 1479 2534 1550 haberet,
2584 1478 2939 1540 adiuvaret

481 1579 691 1649 atque
740 1568 1016 1641 coleret,
1064 1570 1158 1628 ita
1206 1568 1492 1648 patriam
1530 1567 1709 1628 cultu
1747 1586 1960 1646 egere
1994 1579 2201 1647 atque
2238 1567 2721 1647 multomagis
2798 1565 2939 1629 Sed

484 1660 792 1739 quamvis
840 1660 1009 1719 mira
1057 1658 1231 1719 haec
1279 1659 1704 1738 comparatio
1751 1659 1855 1729 sit,
1904 1667 2132 1717 tamen
2188 1657 2396 1718 multo
2448 1658 2667 1736 magis
2718 1658 2937 1728 miror,

481 1748 659 1827 quod
733 1748 931 1808 deest
989 1746 1171 1826 apud
1226 1745 1660 1809 Plutarchum
1722 1745 1829 1806 illa
1887 1746 2227 1807 histrionis
2284 1745 2664 1818 similitudO,
2733 1765 2934 1826 quam

481 1849 555 1896 ut
601 1838 666 1897 in
715 1836 989 1915 dialogo
1029 1834 1181 1907 Cic..
1231 1838 1322 1896 ita
1371 1837 1434 1896 in
1478 1835 1645 1896 libro
1681 1836 2052 1896 Aristoneo
2101 1833 2309 1895 fuisse
2357 1844 2646 1897 constat.
2683 1870 2763 1879 ·—
2798 1833 2939 1896 Sed

484 1936 555 1985 ut
587 1927 672 1986 ad
707 1928 1132 2006 propositum
1167 1926 1548 1988 redeamus.
1591 1933 1870 1985 exstant
1902 1926 2287 1985 sententiae
2320 1924 2589 1997 simileS,
2628 1926 2937 2004 quamvis

482 2034 617 2075 non
666 2015 868 2095 plane
928 2025 1332 2094 congruant,
1393 2016 1456 2074 in
1506 2011 1770 2075 Catone
1830 2013 2073 2073 allatae
2127 2023 2196 2073 et
2247 2016 2309 2073 in
2362 2013 2529 2075 libro
2578 2004 2935 2082 Plutarchi,

478 2106 587 2164 cui
651 2103 806 2165 fons
871 2106 1111 2165 subest
1159 2102 1676 2183 Peripateticus,
1771 2100 1923 2180 Qua
1978 2122 2053 2162 re
2113 2104 2294 2163 nisus
2354 2104 2502 2183 quis
2560 2102 2937 2163 contendat

481 2192 843 2254 Tithonum
917 2190 1036 2255 Cei
1111 2212 1262 2253 esse
1329 2191 1740 2272 philosophi,
1821 2210 2229 2271 quamquam
2301 2192 2478 2253 hanc
2545 2193 2931 2271 opinionem

479 2283 954 2344 demonstrare
1001 2284 1118 2343 vix
1163 2283 1397 2361 possit.

658 2371 838 2433 Nihil
903 2372 1301 2433 adiuvamur
1365 2372 1430 2431 in
1499 2371 1628 2431 hac
1697 2371 2099 2451 quaestione
2166 2369 2497 2430 solvenda
2545 2368 2937 2431 Varronis

479 2470 709 2522 satura
758 2460 1146 2541 Menippea,
1196 2480 1372 2540 quae
1421 2461 1809 2521 inscribitur
1857 2458 2189 2519 Tithonus
2238 2456 2603 2540 (Biicheler
2635 2457 2935 2520 Petronii

477 2550 790 2611 saturae⁴
831 2551 997 2611 1894
1031 2549 1126 2629 fg.
1151 2549 1488 2631 544s548),
1521 2568 1670 2609 cum
1708 2550 1974 2609 nonnisi
1997 2545 2062 2607 V
2084 2546 2368 2608 frustula
2394 2549 2630 2609 brevia
2662 2557 2937 2610 servata

477 2642 629 2700 sint.
693 2637 1073 2700 Varronem
1125 2639 1470 2699 Aristonis
1518 2638 1688 2698 libro
1740 2657 1927 2698 usum
1982 2656 2133 2697 esse
2185 2632 2543 2698 verisimile
2594 2647 2716 2699 est.
2791 2636 2935 2698 Iam

477 2728 756 2790 Moore
791 2738 1077 2790 conatus
1111 2738 1217 2790 est
1250 2727 1519 2808 singula
1551 2726 1947 2808 fragmenta
1982 2725 2227 2788 afferre
2262 2726 2350 2787 ad
2383 2725 2568 2788 locos
2602 2727 2932 2828 quosdam

479 2816 756 2880 Catonis
805 2816 912 2902 (ἐξ
947 2820 1050 2880 48.
1094 2821 1192 2880 77.
1232 2819 1332 2880 83.
1375 2817 1506 2900 85).
1597 2815 1975 2897 Praecipue
2024 2815 2489 2896 fragmentum
2538 2815 2683 2888 IV,
2688 2819 2801 2895 ,sic
2843 2819 2937 2876 in-

371 2957 380 2964 .
481 2909 693 2968 vitata
741 2915 1007 2968 matura
1041 2910 1265 2968 anima
1298 2926 1700 2986 corporeum
1739 2908 2063 2967 corticem
2102 2905 2299 2967 facile
2333 2864 2702 2986 relinquit&
2752 2906 2935 2987 quod

480 2996 753 3058 Moore
803 2999 1023 3058 minus
1071 3007 1232 3078 apte
1280 3016 1432 3057 cum
1475 2993 1512 3079 ξ
1553 2998 1630 3055 77
1667 2997 2109 3075 comparavit,
2160 2995 2483 3056 contendi
2516 3004 2750 3073 potest
2782 3014 2931 3056 cum

477 3087 706 3160 verbis
739 3087 776 3166 ξ
814 3090 891 3149 71
929 3088 1169 3165 „vitam
1207 3084 1433 3146 aufert
1457 3121 1537 3128 —
1569 3086 1847 3145 senibus
1882 3085 2272 3145 maturitas‘·
2306 3082 2412 3161 (cf.
2445 3084 2481 3164 ἓ
2517 3086 2596 3144 55
2634 3085 2937 3161 „matura

477 3176 1015 3254 tempestivitas“
1072 3176 1109 3256 ξ
1166 3178 1244 3236 72
1303 3176 1561 3252 „omnis
1618 3171 2114 3252 conglutinatio
2168 3210 2246 3216 ·—
2296 3088 2681 3233 inveterata
2734 3172 2933 3233 facile

478 3264 894 3344 divellitur‘·).
955 3264 1177 3325 Aliter
1201 3263 1470 3324 Hense
1496 3262 1560 3345 (l.
1583 3283 1638 3324 0.
1672 3283 1735 3343 p.
1755 3260 1983 3324 CXVI
2016 3263 2169 3323 adn.
2194 3261 2260 3342 2)
2287 3262 2625 3322 iudicavit.
2688 3261 2933 3341 Neque

475 3374 642 3414 vero
695 3355 1057 3434 quicquam
1108 3363 1371 3414 certum
1422 3353 1550 3413 hac
1601 3353 1686 3412 de
1733 3372 1809 3412 re
1860 3352 2183 3413 contendi
2233 3359 2477 3430 potest.

628 3441 947 3524 Denique
971 3445 1202 3503 nescio
1225 3463 1308 3503 an
1335 3444 1396 3502 in
1423 3443 1824 3522 quaestione
1847 3441 2207 3502 enodanda
2231 3439 2481 3520 aliquid
2502 3437 2934 3520 proficiamus

477 3552 568 3592 ex
615 3532 884 3593 indole
934 3531 1280 3593 Tithoni.
1373 3529 1600 3592 Hirzel
1651 3530 1714 3612 (l.
1748 3549 1804 3591 e.
1836 3550 1901 3610 p.
1937 3531 2063 3592 336
2100 3530 2251 3590 adn.
2284 3527 2419 3610 fin.)
2454 3528 2935 3590 animadvertit
3029 3587 3033 3591 .

478 3623 715 3682 mirum
788 3641 940 3682 esse
1008 3621 1404 3692 Tithonum,
1481 3623 1594 3700 qui
1663 3619 2272 3699 vulgo-habeatur
2337 3638 2553 3678 senex
2621 3619 2935 3679 omnibus

475 3713 851 3772 senectutis
911 3711 1100 3771 malis
1157 3709 1552 3782 cumulatuS,
1609 3716 2039 3769 senectutem
2101 3706 2573 3768 defendisse
2633 3709 2695 3767 in
2766 3707 2931 3768 libro

475 3800 850 3861 Aristoneo
900 3809 1109 3880 atque
1159 3801 1541 3878 suspicatus
1591 3806 1698 3858 est
1743 3797 1812 3856 id
1843 3794 1987 3857 fieri
2022 3798 2342 3877 potuisse,
2392 3797 2572 3876 quod
2611 3797 2929 3857 traditum

475 3891 562 3948 sit
609 3887 974 3950 Tithonum
1039 3891 1124 3948 ab
1176 3889 1448 3949 Aurora
1504 3888 1824 3967 precibus
1883 3897 2230 3946 commota
2280 3893 2609 3946 mutatum
2666 3905 2816 3945 esse
2866 3887 2931 3945 in

437 3972 440 3975 ’
476 3978 804 4051 cicadam,
854 3997 1030 4057 quae
1070 3998 1108 4038 a
1141 3975 1427 4038 Platone
1463 3974 1757 4058 (Phaidr.
1802 3995 1865 4055 p.
1901 3976 2026 4037 359
2061 3974 2155 4056 D)
2190 3974 2515 4035 imitanda
2550 3974 2936 4035 hominibus

475 4070 826 4147 proposita
891 4069 995 4126 sit.
1094 4067 1420 4127 Attamen
1487 4085 1762 4145 semper
1819 4063 1929 4145 (cf.
1981 4063 2167 4126 locos
2225 4062 2548 4125 collectos
2606 4083 2645 4122 a
2702 4062 2932 4142 Papio,

474 4154 784 4217 Lexikon
837 4157 961 4216 der
1001 4157 1258 4236 griech.
1294 4156 1764 4235 Eigennamen
1812 4173 1861 4216 s,
1893 4175 1953 4215 v.
1992 4152 2296 4225 Τιθωνός,
2348 4153 2591 4231 quibus
2636 4152 2930 4212 addendi

475 4256 635 4306 sunt
683 4245 888 4306 schol.
932 4246 999 4305 A
1047 4253 1120 4306 et
1167 4243 1223 4304 Β
1274 4245 1356 4306 ad
1407 4244 1467 4305 A
1511 4246 1566 4317 3,
1616 4242 1919 4303 Eustath.
1970 4242 2056 4302 ad
2106 4242 2165 4303 A
2218 4244 2283 4312 1,
2340 4265 2369 4302 ε
2421 4242 2567 4316 121)
2617 4260 2745 4301 nec
2795 4261 2927 4302 non

477 4337 659 4414 apud
708 4335 1198 4414 Hieronymum
1253 4333 1318 4414 (l.
1352 4353 1407 4395 c,
1441 4333 1524 4394 cf.
1558 4331 1772 4392 Hiller
1819 4330 2221 4410 Hieronymi
2261 4331 2699 4409 Peripatetici
2747 4329 2929 4409 frag·-

479 4433 736 4495 menta‚
787 4433 1018 4484 satura
1065 4423 1288 4503 philol.
1329 4421 1629 4502 Sauppio
1681 4421 1927 4482 oblata.
2012 4419 2233 4480 Berol.
2271 4421 2438 4480 1879
2492 4438 2554 4498 p.
2594 4420 2765 4498 117),
2818 4422 2925 4498 qui

475 4513 657 4574 solus
705 4513 914 4573 tradit
943 4513 1283 4573 Auroram
1332 4513 1643 4571 maritum
1690 4512 1755 4570 in
1791 4509 2097 4570 cicadam
2139 4516 2434 4568 mutasse
2469 4507 2685 4586 ,,ὅπως
2716 4508 2930 4588 ἥδοιτο

477 4602 785 4684 διηνεκῶς
849 4608 1073 4682 φωνῆς
1138 4601 1519 4671 ἀκούουσα-’ἢ
1585 4598 1919 4659 Tithonus
1986 4606 2090 4656 est
2156 4617 2372 4658 senex
2439 4598 2642 4656 miser
2698 4605 2927 4657 aetate
