3584 5475
1597 578 2036 639 ...45-

574 745 986 815 cludendum
1041 756 1127 814 sit
1160 754 1441 815 Tullium
1483 775 1613 816 non
1652 756 2020 835 diligenter
2054 758 2350 817 auctoris
2386 758 2678 837 vestigia
2710 759 3049 837 pressisse

579 844 958 905 cavendum
1013 852 1136 916 est,
1184 864 1270 904 ne
1307 856 1377 904 et
1411 846 1606 905 nimis
1643 845 1853 905 multa
1885 844 2057 905 fonti
2090 847 2469 906 tribuamus
2502 858 2576 905 et
2609 846 2805 907 nimis
2838 857 3041 909 caute
3092 878 3098 883 ·

573 952 988 994 censeamus
1028 953 1162 994 non
1200 953 1290 994 ex
1321 932 1512 994 fonte
1545 932 1824 995 fluxisse
1861 954 1960 1006 ea,
2010 944 2187 1015 quae
2222 954 2262 995 a
2293 930 2430 997 Cic.
2464 955 2599 996 non
2637 936 2721 995 ad
2760 938 3039 997 verbum

574 1017 928 1102 exscripta
975 1030 1148 1085 sunt.
1241 1022 1596 1125 Denique·
1612 1040 1744 1083 non
1789 1024 2238 1084 omittendum
2278 1033 2385 1085 est
2416 1026 2834 1105 perquirere,
2882 1044 3040 1085 num

574 1114 672 1172 de
720 1111 911 1173 fonte
962 1103 1214 1191 aliquid
1264 1114 1545 1192 reperiri
1595 1113 1809 1192 possit
1860 1132 1949 1173 ex
1996 1115 2510 1193 comparatione
2560 1111 2838 1175 Catonis
2888 1133 3038 1174 cum

573 1203 680 1261 eis
723 1200 923 1275 libris,
971 1203 1084 1281 qui
1133 1203 1294 1261 item
1347 1201 1433 1261 de
1481 1210 1843 1267 senectute
1878 1204 2113 1283 scripti
2152 1204 2306 1263 sint.
2401 1202 2504 1263 Ex
2542 1203 2726 1264 libris
2768 1203 3041 1284 quidem

581 1299 743 1351 ante
777 1287 912 1351 Cio.
947 1293 1216 1371 scriptis
1258 1288 1740 1371 (Theophrasti
1784 1291 1869 1353 cf.
1900 1290 2107 1371 Diog.
2142 1288 2364 1353 Laert.
2390 1290 2453 1351 V
2486 1293 2569 1355 43
2606 1300 2677 1353 et
2707 1291 3044 1353 Demetrii

515 1450 518 1452 Α
571 1378 893 1440 Phalerei
940 1378 1023 1443 cs.
1056 1378 1259 1459 Diog.
1293 1376 1600 1442 Laert.V
1649 1382 1759 1455 813
1812 1378 1914 1441 IX
1958 1381 2069 1461 20)
2122 1380 2278 1441 nihil
2328 1380 2472 1442 fere
2522 1391 2868 1443 servatum
2918 1391 3043 1443 est.

581 1471 915 1530 Attamen
968 1489 1058 1529 ex
1105 1468 1286 1530 libris
1334 1478 1492 1548 post
1525 1466 1658 1530 Cic,
1693 1472 1963 1549 scriptis
2012 1469 2221 1531 multa
2270 1471 2353 1531 ad
2406 1490 2529 1531 nos
2579 1480 3044 1550 pervenerunt

574 1557 921 1639 (Plutarch
934 1578 1008 1619 us
1041 1559 1098 1620 εἶ
1122 1558 1528 1639 πρεσβυτέρῳ
1559 1558 1978 1635 πολιτευτέονς
2022 1558 2267 1620 Iuncus
2294 1559 2436 1640 περὶ
2466 1561 2698 1641 γήρως,
2734 1562 2847 1641 qui
2873 1559 3043 1621 liber

576 1669 620 1707 a
671 1646 976 1709 Stobaeo
1026 1648 1311 1708 traditus
1361 1657 1497 1725 est3
1557 1646 1907 1709 Musonius
1952 1648 2009 1709 τί
2050 1649 2301 1729 ἄριστον
2349 1650 2565 1730 γήρως
2620 1648 2881 1730 ἐφόδιον
2938 1650 3041 1711 ed.

531 1736 881 1810 ·Hense,
949 1756 1012 1817 p.
1065 1739 1178 1805 88;
1243 1736 1620 1803 Favorinus
1684 1736 1827 1817 περὶ
1893 1738 2109 1819 γήρως
2174 1738 2278 1800 ed.
2330 1737 2589 1844 Marres
2655 1738 2748 1818 fg.
2808 1739 3039 1819 67,72;

573 1823 848 1887 Seneca
900 1826 1006 1887 hic
1055 1826 1182 1887 illic
1231 1818 1360 1887 hac
1411 1827 1494 1886 de
1543 1846 1617 1886 re
1663 1826 1979 1909 scripsit).

760 1914 1054 1975 Primum
1109 1916 1658 1977 demonstremus
1707 1914 1964 1976 fontem
2006 1936 2045 1976 a
2079 1913 2211 1977 Cic.
2246 1916 2616 1977 adhibitum
2661 1937 2846 1977 usum
2887 1938 3039 1978 esse

573 2006 1024 2065 sententiis
1082 2003 1426 2065 BioneiS.
1523 2004 1672 2066 Hac
1733 2007 1795 2065 in
1855 2025 1928 2065 re
1989 2004 2261 2066 Hense
2321 2014 2631 2066 versatus
2688 2015 2795 2067 est
2842 2004 3040 2087 (l.c.).

574 2092 723 2155 Sed
773 2105 844 2153 et
891 2095 1168 2153 nimium
1219 2093 1576 2155 contendit
1615 2113 1843 2173 neque
1880 2096 2105 2154 omnia
2140 2094 2417 2164 Bion‘ea,
2466 2113 2643 2174 quae
2677 2098 2741 2156 in
2776 2092 3039 2157 Catone

573 2192 875 2255 exstant,
941 2182 1181 2244 attulit.
1318 2180 1676 2262 Diogenes
1747 2182 2323 2244 Laertius'nobis
2397 2183 2590 2263 plura
2657 2183 2887 2245 Bionis
2955 2185 3038 2245 de

577 2280 955 2333 senectute.
989 2273 1168 2333 dicta
1214 2274 1529 2333 servavit.
1614 2270 1744 2333 Hic
1787 2274 1966 2332 enim
2008 2272 2451 2352 philosophus
2490 2275 2635 2353 ipse
2676 2274 2760 2333 ad
2800 2294 3039 2335 senec-

579 2371 796 2421 tutem
853 2364 1035 2433 vixit,
1083 2362 1148 2421 id
1200 2362 1384 2442 quod
1434 2380 1592 2441 app
1575 2370 1724 2422 aret
1772 2382 1860 2421 ex
1911 2361 2092 2423 dicto
2145 2382 2184 2421 a
2233 2362 2436 2442 Diog.
2484 2360 2709 2423 Laert.
2756 2364 2821 2423 in
2873 2362 2909 2423 1.
2949 2362 3042 2423 VI

579 2452 832 2511 tradito
869 2449 934 2534 (ξ
959 2453 1042 2513 34
1077 2449 1273 2531 ,,πρὸς
1290 2449 1435 2519 τοὺς
1454 2450 1753 2519 εἰπόντας·
1789 2451 1996 2531 γέρων
2028 2450 2086 2512 εἴ
2109 2474 2216 2513 και
2240 2450 2459 2513 λοιπὸν
2484 2451 2658 2531 ἄφες·
2690 2452 2749 2512 τί
2776 2451 2863 2523 δέ,
2897 2454 3039 2533 ἔφη,

570 2542 638 2601 εἰ
698 2540 949 2621 δόλιχον
1004 2541 1272 2621 ἔτρεχον,
1329 2538 1491 2620 πρὸς
1543 2545 1633 2620 τῷ
1687 2532 1839 2601 τέλει
1894 2539 2017 2601 ἔδει
2080 2563 2161 2620 με
2215 2540 2447 2602 ἀνεῖναι
2501 2539 2609 2601 καὶ
2661 2540 2751 2621 μὴ
2801 2540 3041 2621 μᾶλλον

570 2628 949 2711 ἐπιτεῖναιᾞ)
1053 2627 1205 2689 Non
1267 2630 1492 2689 omnia
1549 2627 1782 2689 Bionis
1842 2629 2025 2689 dicta
2073 2630 2374 2689 adhibita
2422 2640 2580 2689 sunt
2628 2631 2691 2689 in
2742 2626 3037 2707 Catone3

580 2720 781 2780 deest
847 2719 1222 2780 senectutis
1289 2738 1440 2780 curn
1509 2725 1710 2798 portu
1778 2718 2139 2780 similitudo
2199 2716 2429 2800 (Diog.
2471 2716 2695 2780 Laert.
2736 2717 2851 2793 IV,
2907 2721 3039 2801 48).

582 2808 736 2869 Hoc
774 2810 1014 2875 mirum
1051 2807 1262 2868 videri
1297 2827 1428 2868 non
1464 2816 1723 2887 potest:
1777 2827 2003 2888 neque
2038 2810 2213 2868 enim
2252 2806 2421 2870 Bion
2459 2809 2603 2887 ipse
2639 2828 2678 2868 a
2706 2806 3037 2870 Cicerone

573 2899 965 2977 exscriptus
1001 2906 1108 2958 est
1143 2917 1368 2977 neque
1403 2905 1658 2969 auctor,
1693 2899 1807 2976 qui
1837 2896 2068 2957 Bionis
2102 2898 2399 2963 imitator
2432 2907 2597 2970 erat,
2632 2898 2714 2958 ad
2752 2901 3032 2959 verbum

571 2989 966 3068 exscriptus
1016 2995 1138 3048 est.
1230 2985 1532 3047 Tertium
1565 2986 1848 3046 ‘dictum
1899 2985 2101 3065 Diog.
2149 2985 2370 3046 Laert.
2426 2985 2548 3064 (lv
2601 2988 2703 3063 75)
2763 2987 3037 3047 tradidit

581 3076 702 3158 ,μὴ
763 3076 890 3139 δεῖν
948 3077 1226 3158 ἔφασκεν
1275 3075 1338 3157 (ὁ
1394 3075 1598 3158 Βίων)
1657 3075 1973 3147 ὀνειδίζειν
2027 3073 2097 3137 τὸ
2156 3081 2369 3156 γῆρας,
2427 3076 2513 3144 εἶς
2562 3076 2599 3137 ὃ
2646 3077 2768 3157 ἔφη
2816 3076 3040 3144 πάντες

568 3165 906 3248 «εὐχόμεθα
955 3165 1210 3228 ἕλθεῖν“.
1301 3164 1576 3226 Hense
1627 3164 1684 3238 (l.
1719 3185 1774 3225 0.
1808 3185 1871 3244 p.
1906 3158 2271 3245 CXIqu.)
2331 3165 2701 3238 arbitratur
2750 3163 3033 3225 Bionem

583 3256 756 3316 haec
803 3256 1051 3316 dixisse
1088 3253 1222 3316 non
1257 3257 1401 3315 sine
1455 3255 1932 3314 recordatione
1986 3273 2301 3316 versuum
2353 3253 2769 3332 Antiphanis
2814 3274 2852 3314 a
2886 3252 3036 3316 Sto-

573 3346 759 3405 baeo
811 3343 980 3425 (flor.
1019 3347 1240 3417 115,9·
1275 3343 1502 3424 Mein.)
1552 3350 2007 3403 servatorum:

983 3470 987 3473 ·
1097 3432 1458 3512 ,,ὠνείὸισάς
1501 3455 1612 3512 μοι
1659 3437 1858 3513 γῆρας
1904 3431 1996 3499 ὡς
2040 3429 2243 3492 κακὸν
2286 3431 2469 3510 μέγα,

1097 3518 1174 3584 οὗ
1220 3521 1311 3602 μὴ
1352 3520 1648 3601 τυχόντος
1677 3519 1955 3588 θάνατός
2000 3517 2137 3581 ἔσθ’
2196 3519 2234 3599 ἡ
2293 3519 2503 3600 ζημία,

1097 3607 1174 3672 οὗ
1229 3611 1453 3678 πάντες
1507 3609 1966 3689 ἐπιθυμοῦμεν,
2023 3609 2100 3669 ἂν
2158 3606 2214 3669 δ’
2273 3608 2427 3689 ἔλθῃ
2479 3610 2630 3670 ποτέ

1100 3697 1432 3780 ἀνιώμεθ’·’
1477 3699 1680 3766 οὕτως
1727 3697 1914 3778 ἐσμὲν
1960 3697 2280 3779 ἀχάριστοι
2326 3697 2527 3778 φύσει.

764 3789 924 3851 Hos
971 3808 1208 3850 versus
1266 3787 1372 3848 ille
1429 3789 1530 3848 vir
1579 3788 1822 3848 doctus
1870 3794 2069 3867 putat
2115 3795 2412 3866 excepto
2442 3787 2783 3860 ‚secund0,
2831 3807 3030 3867 quem
3122 3794 3124 3796 ’

573 3875 710 3940 iam
770 3878 1056 3940 Bionem
1105 3878 1566 3958 suppressisse
1616 3896 1752 3937 non
1802 3877 1947 3936 sine
1998 3877 2308 3936 acumine
2344 3877 2643 3954 exponit,
2676 3895 3035 3936 occurrere

579 3971 648 4029 in
697 3967 976 4030 Catonis
1023 3966 1136 4047 §4
1185 3986 1422 4046 „quam
1477 3967 1595 4047 (se.
1643 3965 2098 4040 senectutem)
2151 3973 2223 4024 ut
2270 3963 2747 4044 adipiscantur,
2796 3983 3036 4025 omnes

573 4066 843 4138 optant,
904 4055 1197 4117 eandem
1259 4062 1587 4116 accusant
1635 4056 1988 4134 adeptam:
2038 4061 2232 4114 tanta
2280 4061 2388 4112 est
2433 4051 2757 4112 stultitiae
2805 4054 3035 4114 incon-

569 4149 834 4208 stantia
901 4154 1110 4226 atque
1179 4145 1648 4225 perversitas“.
1752 4141 2038 4216 Vereor,
2104 4161 2190 4201 ne
2258 4143 2534 4201 nimium
2603 4141 3037 4202 contenderit

571 4233 874 4298 Hense.
935 4233 1109 4295 Nam
1165 4235 1374 4295 verba
1425 4241 1654 4307 „tanta
1685 4233 2135 4312 perversitas“
2185 4250 2320 4291 non
2357 4229 2780 4309 respondent
2813 4233 3036 4291 versui

584 4324 815 4385 ultimo
875 4324 1307 4402 Antiphanis.
1415 4281 1787 4382 1)Γοοῖοτοἢ
1848 4320 2133 4380 stultitia
2191 4320 2642 4398 insipientium
2705 4326 2776 4377 et
2832 4319 3033 4397 paulo

569 4421 741 4492 post
785 4414 852 4473 in
902 4409 1016 4496 §4
1065 4410 1124 4493 („
1127 4411 1369 4472 falsum
1420 4416 1698 4490 putare“
1751 4407 2060 4484 „stultam
2109 4414 2559 4468 senectutem‘
2563 4406 2602 4487 ‘)
2652 4414 2724 4466 et
2769 4407 2834 4466 in
2880 4407 2916 4485 ξ
2954 4409 3035 4469 14

535 4503 622 4582 -(,
628 4500 1106 4583 ,insipientes“)
1167 4509 1238 4561 et
1295 4503 1358 4560 in
1421 4500 1456 4580 ξ
1501 4501 1585 4563 68
1643 4497 2139 4582 (‚,insipienter“
2198 4495 2554 4572 „stultius“)
2615 4496 3036 4575 vituperatur

572 4589 694 4672 (cf.
726 4588 914 4673 §36‚
919 4589 1162 4664 ,senilis
1195 4588 1496 4662 stultitia,
1519 4607 1695 4669 quae
1728 4586 2037 4647 deliratio
2062 4585 2385 4666 appellan
2407 4583 2597 4646 solet
2601 4583 2661 4666 ‘.)
2724 4585 3035 4659 Accedit,
