3584 5475
1645 599 2078 659 —14-

639 826 644 830 .
814 774 888 835 In
925 776 1112 836 initio
1163 776 1306 835 eius
1339 778 1569 855 partis,
1618 776 1804 855 quod
1854 776 2270 837 exordium
2323 777 2677 836 nominare
2726 795 3102 855 possumuS,

639 862 870 943 Scipio
922 872 993 924 et
1024 863 1293 925 Laelius
1343 884 1492 925 cum
1533 862 1796 926 Catone
1837 864 2333 945 colloquuntur.
2404 862 2705 945 Scipioni
2746 865 3103 925 admiranti

639 951 752 1032 (cf.
777 952 814 1032 ἓ
839 956 898 1026 4,
922 958 989 1030 6;
1015 950 1051 1036 ξ
1081 955 1137 1025 5,
1170 956 1193 1013 1
1220 969 1234 1030 ;
1278 950 1314 1036 ξ
1345 956 1446 1027 85,
1480 958 1532 1015 1.
1554 954 1638 1015 cf.
1668 954 1880 1015 verba
1904 953 2349 1034 praefationis
2371 951 2407 1037 ξ
2432 956 2488 1024 3,
2513 959 2549 1016 6
2578 954 3104 1035 „admirantes“)

632 1039 813 1103 Cato
849 1042 1229 1122 respondet
1261 1044 1643 1122 sapientem
1681 1044 2029 1104 hominem
2065 1052 2475 1123 sequentem
2510 1051 2818 1104 naturam
2860 1044 3098 1104 ducem

640 1130 932 1191 molliter
979 1131 1158 1192 ferre
1208 1140 1660 1207 senectutem,
1710 1132 2021 1193 refutans
2071 1132 2385 1212 querelas
2434 1152 2675 1194 senum
2724 1132 3101 1194 stultorum.

639 1220 764 1281 His
811 1222 876 1280 in
944 1218 1024 1304 ἓξ
1075 1218 1286 1303 (4sq.)
1352 1223 1579 1282 omnia
1646 1229 1793 1282 arte
1852 1224 2031 1281 inter
2095 1241 2169 1281 se
2232 1241 2501 1282 conexa
2566 1230 2741 1283 sunt.
2832 1221 2906 1282 In
2976 1219 3014 1305 ξ
3065 1225 3101 1282 6

638 1308 908 1370 Laelius
974 1310 1122 1371 loco
1191 1308 1528 1391 Scipionis
1599 1330 1993 1372 sermonem
2060 1312 2417 1384 continuat
2482 1319 2691 1390 atque
2774 1319 2847 1370 ut
2912 1310 3105 1390 plura

640 1399 840 1472 dicat,
911 1396 1243 1460 Catonem
1325 1408 1548 1480 rogat.
1660 1398 1865 1460 Hunc
1942 1398 2107 1460 facit
2184 1397 2319 1461 Cic.
2400 1402 2463 1460 in
2546 1397 2627 1483 ἓξ
2680 1402 2789 1482 7s8
2858 1400 3113 1465 eadem.

641 1487 1120 1563 disserentem,
1215 1508 1392 1569 quae
1469 1488 1665 1550 Plato
1745 1486 2121 1569 Cephalum
2201 1486 2469 1549 Socrati
2561 1488 3097 1568 respondentem

641 1576 899 1637 inducit
945 1580 1010 1637 in
1047 1577 1147 1638 1.1
1201 1579 1326 1657 „de
1365 1578 1754 1657 republica“
1808 1597 1874 1657 p.
1909 1578 2299 1658 328Esqq.,
2347 1578 2552 1658 idque
2600 1580 2711 1652 ita,
2763 1589 2832 1638 ut
2881 1578 3098 1639 locum

637 1665 817 1726 illum
869 1666 959 1727 ad
1005 1686 1231 1727 mores
1279 1664 1557 1728 Catonis
1605 1669 1805 1734 senis,
1856 1669 1969 1747 qui
2019 1666 2313 1727 libenter
2361 1687 2450 1728 ex
2496 1688 2619 1727 sua
2664 1668 2804 1728 vita
2854 1676 3102 1740 narrat,

640 1755 1004 1835 diligenter
1051 1757 1530 1817 accommodet
1580 1755 1644 1838 (ξ
1696 1760 1729 1816 7
1788 1754 2168 1835 „Salinator
2199 1792 2281 1801 —
2316 1756 2635 1831 Albinus,
2694 1758 2906 1817 nostri
2954 1755 3099 1816 fere

640 1844 1054 1924 aequales“).
1133 1844 1525 1905 Notandum
1581 1854 1687 1906 est
1718 1845 2005 1906 Tullium
2060 1846 2236 1906 hanc
2270 1854 2539 1926 partem
2576 1866 2731 1907 cum
2765 1847 3101 1926 prioribus

637 1935 818 1994 bene
853 1934 1184 2014 particula
1224 1936 1490 2015 ,‚atqui“
1530 1936 1964 1996 coniunxisse
2000 1947 2207 2015 atque
2243 1954 2392 1995 cum
2430 1933 2727 1995 Laelium
2767 1932 3101 2015 Scipionis

640 2023 788 2083 loco
854 2023 1242 2103 loquentem
1314 2022 1550 2104 fingat,
1618 2026 1972 2085 transitum
2046 2024 2133 2084 ad
2186 2023 2489 2085 Platonis
2556 2024 2773 2086 locum
2842 2023 3095 2085 factum

641 2110 1108 2173 occultavisse.
1163 2111 1412 2193 Neque
1441 2133 1602 2174 vero
1633 2114 1828 2174 deest
1856 2133 2161 2174 conexus
2188 2132 2341 2174 cum
2369 2114 2817 2193 sequentibus
2843 2114 3103 2174 verbis:

644 2202 1035 2280 „aptissima
1092 2205 1318 2262 arma“
1375 2211 1815 2283 opponuntur
1863 2202 2309 2263 levaminibus
2358 2203 2732 2263 senectutis
2782 2222 2819 2261 a
2870 2200 3099 2263 Laelio

640 2292 1072 2365 enumeratiS,
1113 2292 1180 2351 id
1223 2292 1409 2371 quod
1449 2294 1879 2372 perspicuum
1918 2301 2037 2351 est
2071 2311 2161 2352 ex
2196 2291 2528 2353 vocabulo
2570 2292 2995 2369 „aptissima“
3034 2294 3098 2351 in

637 2381 824 2440 initio
871 2377 907 2463 ξ
943 2382 980 2440 9
1024 2382 1267 2461 posito.
1343 2380 1714 2442 Praeterea
1750 2401 1901 2442 cum
1940 2390 2146 2441 antea
2179 2388 2609 2441 senectutem
2645 2399 2777 2439 non
2813 2399 3095 2459 gravem

640 2489 790 2529 esse
843 2470 1237 2542 ostenderit,
1285 2472 1349 2530 in
1402 2468 1512 2553 §9
1564 2490 1730 2543 eamv
1766 2471 2315 2530 iucundissimam
2367 2488 2517 2529 esse
2568 2470 2941 2531 contendit.

819 2557 1091 2618 Deinde
1160 2556 1330 2620 Cato
1400 2560 1485 2619 ad
1550 2559 1944 2620 illustranda
2012 2579 2113 2632 ea,
2172 2578 2347 2639 quae
2408 2558 2593 2631 dixit,
2650 2557 2841 2637 plura
2901 2557 3101 2619 affert

641 2646 1018 2727 exe-mpla
1051 2645 1150 2731 (ἐξ
1194 2644 1430 2730 10s14).
1508 2648 1801 2709 Primum
1844 2649 1929 2708 de
1966 2647 2266 2708 Maximo
2301 2649 2508 2727 ipsius
2542 2656 2833 2727 patrono
2869 2655 3101 2708 narrat

641 2745 851 2817 atque
903 2747 1136 2799 narrat
1181 2740 1471 2811 uberiUS,
1506 2758 1710 2819 quam
1748 2732 2041 2818 oportet,
2076 2737 2354 2798 senilem
2393 2739 2457 2797 in
2496 2737 2768 2798 modum
2808 2734 2919 2810 (cf.
2954 2735 2991 2820 ξ
3025 2740 3097 2798 13

640 2826 782 2888 init.
837 2846 1166 2906 „quorsus
1201 2829 1372 2887 haec
1407 2835 1543 2887 tam
1587 2827 1797 2888 multa
1846 2828 1931 2887 de
1982 2826 2362 2888 MaximoP“
2416 2826 2499 2888 cf.
2549 2825 2744 2887 Morii
2795 2826 2946 2886 adn.
2996 2826 3100 2886 ad.

640 2914 678 2998 ξ
716 2917 814 2988 10,
853 2915 935 2998 1).
1014 2915 1458 2995 Lepidissime
1493 2913 1626 2978 Cic.
1676 2918 1858 2976 senis
1894 2936 2150 2977 morem
2192 2917 2503 2995 depingit
2538 2917 2744 2976 etiam
2780 2935 2881 2989 eo,
2918 2915 3102 2994 quod

641 3007 879 3065 scribit
915 3025 1106 3084 „eum
1147 3007 1260 3086 qui
1283 3005 1653 3066 Tarentum
1692 3007 2031 3084 recepit“;
2069 3007 2325 3085 optime
2362 3007 2537 3065 enim
2564 3002 2735 3066 Cato
2774 3005 3099 3064 memoria

640 3097 876 3165 tenuit,
926 3095 1270 3175 quomodo
1321 3095 1428 3155 ille
1477 3097 1823 3175 receperit
1855 3094 2247 3168 Tarentum,
2297 3096 2403 3155 cui
2438 3093 2621 3155 facto
2657 3096 2802 3173 ipse
2838 3092 3098 3154 adules-

642 3183 952 3244 centulus
989 3183 1205 3244 adfuit
1237 3183 1342 3261 (cf.
1375 3182 1454 3268 ἕξ
1491 3189 1589 3258 10,
1617 3189 1670 3257 7,
1703 3181 1742 3267 ξ
1771 3187 1877 3260 11;
1914 3186 2016 3246 39.
2070 3181 2265 3246 Otto
2301 3183 2336 3246 l.
2359 3203 2415 3245 ο.
2447 3204 2511 3264 p.
2536 3186 2659 3245 103
2696 3191 2886 3243 recte
2920 3182 3097 3242 illam

641 3275 1055 3333 sententiam
1129 3272 1440 3334 defendit
1515 3276 1601 3334 ab
1683 3276 1776 3346 iis,
1862 3275 1975 3354 qui
2043 3293 2191 3333 eam
2263 3275 2487 3333 eicere
2552 3271 2833 3352 volunt).
2950 3270 3099 3332 Hoc

643 3361 1031 3442 exemplum
1082 3362 1263 3422 bene
1315 3363 1646 3443 disposuit
1695 3363 2051 3443 disputans
2093 3363 2177 3422 de
2211 3362 2419 3422 rebus
2453 3363 2671 3441 gestis
2704 3363 2997 3440 primum
3032 3361 3097 3419 in

641 3450 839 3530 bello,
863 3450 1111 3511 deinde
1145 3452 1210 3511 in
1246 3460 1432 3532 toga.
1497 3452 1610 3513 Ad
1637 3454 1868 3532 priora
1889 3451 2068 3511 nulla
2090 3449 2423 3531 particula
2455 3445 3100 3529 annexuit(‚,ego“)‚

525 3539 528 3542 ’
642 3540 768 3600 sed
830 3540 1060 3601 verbis
1133 3560 1301 3618 „nec
1368 3550 1688 3602 senectus
1755 3561 1982 3602 mores
2049 3542 2475 3600 mutaverat“
2549 3547 2620 3599 et
2677 3540 2865 3599 initio
2924 3535 3099 3621 313.

644 3628 814 3689 Tum
859 3630 1064 3690 adicit
1098 3631 1387 3690 transitu
1421 3629 1781 3710 eleganter
1814 3630 1998 3691 facto
2037 3629 2237 3710 („nec
2272 3639 2503 3689 tamen
2542 3647 2779 3689 omnes
2812 3635 3102 3707 possunt

642 3738 794 3778 esse
835 3716 1208 3798 Scipiones
1256 3755 1344 3763 —
1404 3719 1522 3780 Est
1571 3721 1773 3780 etiam
1817 3755 1898 3763 —
1930 3718 2199 3799 placida
2232 3753 2315 3762 ——
2350 3715 2743 3799 senectus“)
2780 3715 3099 3795 exempla

641 3809 1018 3868 senectutis
1066 3807 1406 3888 placidae;
1460 3816 1666 3889 atque
1716 3811 2006 3890 primum
2046 3807 2246 3868 affert
2276 3808 2457 3868 viros
2492 3804 2814 3879 GraecOS,
2851 3804 3098 3866 deinde

641 3899 986 3957 sententia
1017 3899 1233 3976 prima
1265 3895 1304 3981 ξ
1336 3901 1432 3972 14,
1467 3918 1604 3978 qua
1637 3897 1778 3958 aliis
1810 3899 2040 3959 verbis
2074 3898 2161 3957 ad
2192 3894 2230 3980 ξ
2265 3899 2302 3957 9
2338 3897 2811 3976 spectantibus
2845 3894 3098 3975 (,‚artes

644 3987 1315 4067 exercitationesque
1363 3989 1790 4048 virtutum“
1847 3986 1931 4048 cf.
1971 4006 2130 4065 „sua
2162 3988 2360 4047 vitia
2392 4004 2723 4065 suamque
2758 3982 3098 4063 culpam“)

641 4083 1050 4155 repetuntur
1089 4095 1188 4150 ea,
1239 4096 1416 4156 quae
1466 4078 1530 4137 in
1573 4074 1707 4136 fine
1755 4074 1795 4160 ξ
1830 4079 1864 4137 7
1905 4075 2088 4137 dicta
2119 4084 2294 4148 sunt,
2329 4082 2489 4154 apte
2527 4074 2845 4134 adiuncta
2883 4075 3094 4132 virum

641 4163 1052 4238 Romanum,
1124 4165 1430 4238 Ennium,
1511 4173 1584 4226 ut
1652 4185 1856 4246 quem
1926 4162 2095 4226 Cato
2165 4166 2434 4225 noverit
2500 4172 2572 4223 et
2637 4165 2824 4223 cuius
2893 4162 3096 4222 modo

644 4255 1063 4314 mentionem
1113 4253 1356 4315 fecerit
1406 4252 1471 4338 (ξ
1509 4256 1638 4336 10).

823 4341 1132 4403 Vidimus
1180 4345 1244 4403 in
1297 4344 1579 4405 exordio
1632 4345 1858 4404 omnia
1908 4343 2272 4422 diligenter
2303 4344 2481 4402 inter
2514 4361 2588 4401 se
2625 4359 2893 4402 conexa
2928 4359 3098 4399 esse.

647 4429 845 4509 Quod
903 4434 968 4491 in
1029 4431 1306 4493 Maximi
1365 4442 1436 4493 et
1500 4433 1694 4493 Ennii
1753 4432 2086 4512 exemplis
2145 4431 2338 4512 plura
2394 4433 2639 4502 insunt,
2698 4449 2875 4510 quae
2943 4448 3095 4489 cum

647 4529 1058 4600 argumento
1109 4521 1361 4602 dialogi
1410 4542 1542 4583 non
1596 4523 1990 4594 cohaerent,
2043 4520 2519 4600 explicandum
2576 4527 2681 4579 est
2730 4539 2821 4578 ex
2868 4516 3097 4597 loqua-

646 4612 853 4671 citate
903 4612 1103 4684 seniS,
1152 4630 1356 4691 quam
1409 4612 1923 4691 depingendam
1966 4607 2105 4693 Cic,
2154 4611 2275 4670 sibi
2328 4609 2702 4690 proposuit.
