3584 5475
1486 586 1928 644 ..59—

485 758 620 823 Cic.
671 762 799 821 iam
853 763 916 821 in
967 762 1304 841 prioribus
1353 763 1621 841 scriptis
1669 762 1952 822 solebat·
1996 780 2231 821 versus
2290 760 2575 822 orationi
2634 763 2946 821 inserere

485 860 694 931 atque
745 870 865 910 cur
929 850 998 910 id
1063 849 1324 923 fecerit,
1391 852 1454 911 in
1513 850 1695 911 Tusc
1753 850 1923 929 Disp
1974 848 2062 931 (11
2107 848 2146 933 ξ
2188 850 2269 911 20
2324 849 2407 913 cf.
2464 870 2671 929 supra
2717 870 2779 929 p.
2831 851 2935 931 11)

485 941 786 1019 exponit.
856 937 996 999 Sed
1029 941 1234 999 etiam
1271 938 1556 1000 Bionem
1596 938 1861 1021 (Hense
1904 940 1939 1003 l.
1980 959 2033 1000 c.
2075 938 2360 1013 LXXV,
2410 936 2775 1020 LXXXV)
2810 959 2949 1000 nec

486 1048 619 1089 non
655 1028 1047 1089 Aristonem
1103 1027 1214 1110 (cf.
1247 1027 1342 1107 fg.
1379 1032 1505 1091 343
1529 1048 1629 1109 sq.
1663 1030 1809 1092 346.
1844 1031 1971 1091 370
2016 1027 2479 1108 fragmentum
2518 1030 2604 1089 ab
2647 1028 2937 1089 Aeliano

486 1118 666 1198 apud
715 1116 988 1179 Suidam
1041 1138 1088 1177 s,
1138 1139 1196 1179 v.
1246 1118 1527 1199 εὐφημία
1583 1127 1925 1179 servatum
1989 1117 2071 1179 cf.
2132 1116 2651 1178 Radermacher
2706 1116 2936 1180 Philol.

489 1210 658 1269 1900
707 1206 828 1267 Bd.
866 1210 947 1269 59
997 1227 1059 1287 p.
1099 1209 1253 1278 1013
1314 1206 1398 1268 cf.
1449 1205 1760 1270 Gerhard
1818 1206 2107 1268 Phoinix
2166 1227 2294 1267 von
2356 1203 2707 1286 Colophon
2765 1207 2943 1270 1909

484 1316 546 1376 p.
590 1298 714 1357 239
738 1298 859 1377 sq.)
925 1306 1131 1376 atque
1195 1306 1468 1357 ceteros
1516 1295 1784 1358 Stoicos
1850 1296 1960 1377 (cf.
2010 1294 2322 1358 Gerhard
2374 1296 2409 1357 1.
2452 1316 2507 1357 c.
2556 1317 2620 1376 p.
2664 1299 2785 1358 231
2810 1296 2937 1377 sq.)

484 1387 794 1446 versibus
841 1405 1225 1446 sermonem
1282 1388 1628 1446 ornavisse
1678 1394 1968 1446 constat.
2078 1385 2243 1445 Inde
2311 1384 2507 1446 facile
2576 1388 2948 1465 suspiceris-

485 1477 685 1534 etiam
740 1478 802 1534 in
854 1474 1046 1535 fonte
1081 1472 1214 1537 Cic.
1262 1494 1500 1535 versus
1535 1474 1772 1535 allatos
1821 1474 2043 1535 fuisse.
2124 1473 2367 1554 Neque
2425 1494 2589 1535 vero
2651 1494 2935 1555 usquam

485 1566 548 1624 in
600 1562 861 1625 Catone
911 1574 1116 1643 poeta
1169 1562 1451 1624 affertur
1499 1561 1807 1626 Graecus
1857 1566 1980 1624 nisi
2013 1562 2217 1625 Solon
2257 1572 2465 1643 atque
2506 1566 2600 1625 ita
2640 1563 2937 1641 affertur,

487 1665 558 1713 ut
605 1672 842 1714 versus
890 1655 1013 1733 ipsi
1064 1672 1200 1713 non
1251 1655 1578 1733 exscripti
1626 1655 1760 1713 sint
1810 1650 1914 1737 (ἓξ
1951 1655 2049 1716 26.
2086 1654 2188 1715 50.
2225 1651 2349 1734 73).
2441 1652 2596 1713 Non
2648 1662 2769 1726 est,
2819 1673 2944 1714 cur

485 1743 615 1803 hoc
665 1744 943 1804 mireriS.
1037 1741 1208 1802 Nam
1264 1751 1336 1801 et
1384 1743 1672 1803 vidimus
1721 1744 1928 1803 etiam
1980 1751 2188 1822 atque
2238 1743 2440 1802 etiam
2491 1740 2624 1803 Cic.
2674 1741 2934 1803 fontem

485 1851 619 1892 non
673 1831 1038 1910 diligenter
1084 1840 1388 1892 secutum
1445 1851 1596 1891 esse
1647 1840 1720 1891 et
1767 1834 1895 1892 iam
1948 1851 2155 1911 supra
2194 1832 2496 1891 diximus
2545 1831 2634 1912 (p.
2680 1834 2771 1893 ll.
2823 1832 2937 1907 41)

487 1941 636 1981 eum
691 1920 1000 1981 consulto
1051 1940 1184 1980 non
1235 1919 1466 1981 facere
1505 1919 1837 1982 Catonem
1888 1940 2124 1981 versus
2160 1918 2463 1982 Graecos
2513 1919 2937 1983 afferentem.

487 2010 686 2070 Alter
719 2009 906 2070 locus
941 2008 1224 2082 SoloniS,
1260 2012 1373 2090 qui
1403 2012 1533 2070 iam
1570 2012 1634 2069 in
1671 2010 1868 2072 Tusc.
1902 2008 2055 2089 Dip.
2090 2008 2162 2091 (Ι,
2194 2006 2232 2093 ξ
2272 2009 2417 2081 117)
2462 2009 2801 2069 adhibitus
2834 2011 2938 2079 sit,

486 2109 674 2159 certe
725 2119 858 2159 non
921 2120 1008 2159 ex
1057 2098 1249 2159 fonte
1307 2109 1617 2178 sumptus
1676 2108 1780 2159 est
1840 2098 1951 2179 (cf.
2003 2118 2065 2178 p.
2099 2097 2229 2180 41).
2322 2098 2522 2158 Alter
2568 2090 2939 2159 versiculus

487 2190 588 2247 bis
638 2186 876 2248 allatus
927 2186 1033 2271 (§§
1070 2190 1169 2249 26.
1210 2190 1316 2265 50)
1367 2208 1522 2249 num
1577 2190 1638 2248 in
1699 2187 1891 2249 fonte
1951 2187 2179 2260 fuerit,
2237 2189 2605 2258 nescimus:
2671 2196 2932 2248 tantum

486 2285 759 2337 constat
805 2297 956 2337 eum
1004 2298 1041 2337 a
1082 2275 1213 2338 Cic.
1267 2278 1562 2338 nondum
1617 2279 1678 2337 in
1730 2278 2066 2357 prioribus
2116 2236 2298 2337 libris
2342 2277 2712 2337 adhibitum
2768 2297 2941 2338 esse.

488 2364 679 2443 Quae
729 2386 879 2427 cum
935 2368 1027 2427 ita
1086 2368 1238 2439 sint,
1304 2365 1848 2427 concludendum
1917 2374 2041 2439 est,
2107 2363 2240 2428 Cic.
2307 2386 2545 2426 versus
2612 2368 2676 2425 in
2744 2364 2936 2426 fonte

487 2455 726 2516 allatos
775 2465 892 2516 aut
937 2457 1396 2536 suppressisse
1448 2464 1566 2516 aut
1612 2458 1676 2516 in
1728 2456 2103 2515 orationem
2156 2454 2444 2516 solutam
2498 2455 2937 2515 transtulisse.

491 2544 643 2605 Hoc
695 2563 845 2605 eum
903 2544 1148 2606 fecisse
1200 2547 1261 2605 in
1313 2543 1469 2629 §62
1518 2542 2067 2606 verisimillimum
2121 2553 2242 2617 est,
2291 2563 2439 2605 cum
2494 2545 2707 2604 verba
2762 2564 2934 2620 „non

487 2635 665 2693 cani
715 2653 843 2695 1100
890 2654 1141 2714 rugae
1193 2636 1665 2695 auctoritatem
1713 2636 2013 2713 arripere
2062 2634 2386 2713 1103311111ὂι
2443 2634 2666 2713 poetis
2719 2632 2932 2694 solum

487 2743 816 2785 conce-ssa
865 2745 1016 2784 esse
1067 2725 1244 2804 apud
1296 2722 1652 2785 Romanos
1699 2723 1984 2786 soleant.
2079 2722 2315 2783 Hense
2376 2722 2438 2803 (l.
2488 2743 2542 2784 c.
2577 2743 2639 2803 p.
2679 2720 2937 2805 CXXI)

487 2814 614 2872 iam
667 2822 857 2874 recte
909 2814 1132 2874 attulit
1164 2812 1474 2875 Senecae
1517 2813 1733 2874 locum
1779 2812 1893 2893 (de
1930 2815 2094 2874 brev
2127 2814 2240 2874 vit.
2272 2811 2417 2886 VII,
2456 2813 2561 2893 10)
2596 2833 2725 2874 nec
2758 2812 2933 2873 illam

485 2905 895 2963 sententiam
949 2923 988 2962 a
1038 2901 1306 2982 Cynicis
1356 2903 1644 2964 alienam
1695 2902 1902 2963 fuisse
1955 2903 2184 2963 docuit
2216 2900 2545 2962 Varronis
2588 2911 2710 2962 sat.
2756 2902 2937 2963 Men.

485 2991 579 3070 fg.
615 2995 651 3051 5
688 2991 908 3051 allatO.
963 2990 1138 3051 Num
1181 3012 1414 3053 versus
1449 2992 1809 3052 Menandri
1845 2993 1931 3051 ab
1956 2991 2214 3052 Hensio
2252 2993 2595 3070 exscripta
2645 2993 2707 3051 in
2743 2991 2945 3052 fonte·

485 3079 763 3152 fuerint,
813 3081 1150 3140 nescimus
1201 3080 1426 3162 (deest
1473 3081 1877 3142 vocabulum
1938 3082 2001 3140 in
2063 3079 2183 3140 illis
2241 3082 2487 3153 verbiS,
2536 3080 2718 3161 quod
2784 3083 2935 3141 voci

491 3171 784 3248 „rugae“
838 3168 1259 3250 respondet).
1352 3170 1541 3231 Idem
1592 3173 1694 3232 vir
1742 3171 1984 3230 doctus
2034 3190 2168 3230 non
2218 3171 2381 3229 satis
2441 3170 2939 3230 demonstravit
3018 3207 3045 3228 -.

483 3260 547 3318 in
583 3255 621 3341 ξ
655 3261 696 3319 4
730 3258 1142 3338 Antiphanis
1181 3279 1412 3320 versus
1456 3262 1520 3319 in
1556 3260 1747 3320 fonte
1792 3259 1999 3320 fuisse
2036 3259 2097 3339 (l.
2133 3279 2187 3321 e.
2221 3278 2284 3338 p.
2316 3257 2385 3320 C.
2420 3256 2577 3320 XX.
2613 3258 2695 3321 cf.
2729 3278 2937 3339 supra

485 3367 545 3426 p.
594 3349 836 3428 46sq.).
931 3347 1176 3427 Neque
1242 3369 1407 3409 vero
1476 3369 1657 3429 nego
1731 3350 1857 3409 hoc
1926 3347 2074 3409 loco
2140 3367 2377 3409 versus
2445 3348 2776 3428 quosdam
2848 3351 2935 3408 ab

486 3445 766 3497 auctore
815 3435 948 3498 Cic.
996 3439 1289 3498 insertos
1336 3436 1561 3500 fuisse.
1653 3438 1723 3498 In
1783 3439 1969 3498 initio
2018 3435 2131 3522 §4
2177 3457 2414 3498 versus
2466 3457 2601 3510 003,
2672 3440 2784 3517 0111
2841 3439 2935 3497 in·

483 3527 846 3586 veniuntur
879 3527 983 3586 bis
1013 3528 1075 3586 in
1101 3526 1358 3587 Teletis
1391 3527 1687 3608 reliquiis
1721 3527 1810 3607 (p.
1832 3530 1935 3602 42,
1976 3528 2070 3588 11.
2106 3531 2208 3600 50,
2236 3527 2298 3607 1)
2335 3547 2375 3586 0
2413 3523 2546 3588 Cic,
2580 3546 2945 3606 supressos.

261 3653 270 3660 -
369 3696 376 3704 ·
486 3634 635 3674 esse
695 3617 948 3675 maiore
1007 3635 1156 3676 cum
1220 3618 1525 3676 veritatis
1584 3618 1815 3696 specie
1875 3616 2229 3677 contendit
2297 3616 2361 3695 (l.
2402 3635 2457 3676 0.
2506 3613 2671 3695 p.C.
2711 3614 2934 3678 XXH.

490 3704 762 3781 Aetna
811 3705 1086 3783 gravius
1136 3705 1392 3785 onus“).
1485 3705 1558 3766 In
1609 3705 1647 3789 ξ
1689 3711 1770 3767 65
1820 3707 2238 3785 Antiphanis
2298 3725 2531 3766 versus
2591 3707 2933 3765 exstitisse

484 3751 547 3852 111
599 3791 789 3853 fonte
840 3804 1045 3874 atque
1097 3795 1183 3854 ab
1234 3793 1719 3856 interlocutore
1761 3794 2001 3855 allatos
2040 3793 2247 3854 fuisse
2288 3793 2525 3854 Hense
2568 3795 2935 3855 ostendere

486 3901 620 3942 non
671 3884 895 3961 potuit
942 3881 1032 3962 (p.
1066 3879 1303 3959 CXX).

660 3970 756 4032 Ut
801 3991 1130 4032 summam
1170 3974 1376 4033 totius
1412 3974 1603 4032 huius
1645 3973 1857 4052 partis
1890 3972 2163 4033 faciam:
2211 3973 2500 4033 vidimus
2533 3971 2930 4034 Ciceronem

483 4060 743 4121 fontem
782 4058 1140 4134 Graecum,
1191 4080 1325 4140 quo
1367 4064 1708 4140 agebatur
1756 4061 1842 4121 de
1891 4071 2269 4133 senectute,
2319 4081 2752 4142 nequaquam
2799 4061 2937 4120 dili-

482 4158 734 4230 genter
780 4160 1083 4210 secutum
1139 4170 1290 4211 esse
1342 4162 1549 4231 atque
1592 4150 1994 4229 plerumque
2031 4170 2130 4220 ea,
2181 4169 2357 4230 quae
2392 4171 2481 4210 ex
2514 4170 2595 4211 eo
2631 4152 2935 4230 sumpsit,

485 4259 612 4300 1100
663 4257 796 4298 11011
849 4238 1036 4299 10003
1085 4260 1172 4298 ex
1219 4237 1506 4300 Platone
1565 4248 1636 4299 et
1681 4238 2153 4318 Xenophonte
2215 4239 2581 4300 translatos
2638 4242 2938 4300 sermoni

485 4327 851 4407 diligenter
901 4328 1298 4408 adaptasse3
1367 4328 1551 4408 quod
1601 4328 1786 4388 locos
1837 4329 1921 4388 ab
1974 4328 2114 4388 aliis
2162 4329 2417 4407 petitos
2466 4331 2530 4388 in
2580 4328 2669 4392 III
2721 4337 2791 4387 et
2837 4327 2933 4388 IV

481 4425 678 4496 parte
737 4436 886 4477 cum
951 4419 1198 4477 ceteris
1247 4437 1381 4478 non
1442 4419 1604 4478 satis
1661 4419 2161 4497 compensavit,
2226 4417 2381 4477 inde
2451 4417 2931 4497 explicandum

483 4515 605 4576 est,
656 4506 835 4585 quod
889 4506 1283 4585 opusculum
1336 4526 1471 4566 non
1521 4508 1683 4567 satis
1730 4506 2110 4585 perpolivit,
2159 4526 2310 4567 cum
2358 4508 2420 4566 in
2461 4509 2686 4586 priore
2737 4516 2943 4586 parte·

481 4594 864 4668 viderimuS,
901 4614 1034 4674 quo
1070 4598 1348 4674 propius
1381 4597 1701 4655 absumus
1736 4615 1775 4654 a
1808 4593 1941 4655 fine
1978 4595 2249 4674 dialogi,
2285 4616 2366 4656 eo
2403 4597 2622 4656 minus
2644 4595 2935 4656 Tullium
