3584 5475
1616 583 2057 642 -39—

605 754 760 833 μήτε
806 754 1104 837 ποιήσητε
1150 756 1306 837 μήτε
1351 756 1761 839 βουλεύσητέ*
1812 779 1947 819 11011
1996 768 2271 820 secutus
2318 763 2588 841 scripsit
2632 782 2790 836 „vos
2831 769 3061 823 tamen

608 842 773 902 deos
814 853 1136 905 verentes
1165 880 1359 889 --
1382 849 1774 908 memoriam
1803 850 2011 909 nostri
2033 850 2143 928 pie
2176 848 2633 930 inviolateque
2666 853 3061 912 servabitis“

607 944 688 991 'ea
755 932 1012 993 scilicet
1080 942 1331 1007 mente,
1393 944 1465 995 ut
1521 936 1701 997 hanc
1759 934 1797 1021 ξ
1843 939 1923 998 81
1984 947 2386 999 conecteret
2441 959 2593 1001 cum
2644 943 2956 1019 sequenti
3008 943 3061 1021 ξ,

607 1022 668 1080 in
707 1041 843 1101 qua
879 1022 965 1083 de
1000 1024 1113 1096 εἰς,
1150 1042 1284 1102 qua
1309 1024 1432 1097 „ad
1451 1027 1876 1104 posteritatis
1898 1029 2291 1089 memoriam
2318 1030 2717 1108 pertinent“‚
2743 1029 3062 1110 disputat.

605 1108 1001 1171 Meissner
1050 1112 1116 1184 (l.
1148 1131 1203 1174 c.
1232 1131 1296 1192 p.
1320 1114 1443 1191 65),
1493 1116 1608 1194 qui
1643 1134 1856 1195 quare
1889 1114 2024 1177 Cic.
2060 1116 2238 1177 hunc
2273 1117 2489 1178 locum
2516 1122 3063 1193 commutaverit,

607 1201 902 1260 nondum
964 1202 1148 1272 vidit,
1208 1212 1398 1263 recte
1459 1202 1761 1283 explicat
1816 1206 2027 1266 verba
2089 1206 2250 1284 §81
2310 1208 2441 1282 „sic
2501 1227 2607 1267 me
2658 1207 2936 1268 colitote
2990 1218 3059 1269 ut

603 1289 840 1350 deum“
899 1288 1011 1368 (cf.
1045 1289 1242 1352 TuSC.
1275 1290 1465 1371 Disp.
1497 1292 1544 1365 Ι,
1578 1290 1614 1375 S
1651 1294 1762 1375 65)
1815 1314 1853 1354 a
1902 1292 2388 1374 Xenophontis
2436 1296 2662 1356 verbis
2710 1296 2853 1378 ,,τὴν
2901 1297 3061 1378 ἐμὴν

605 1378 820 1459 ψυχὴν
867 1379 1356 1461 καταιδούμενοι
1401 1387 1627 1444 ποιεῖτε
1671 1384 1712 1445 ἃ
1761 1383 1889 1463 ἐγὼ
1940 1383 2195 1465 δέομαι“
2246 1385 2640 1458 abscedere,
2691 1395 3061 1465 propterea

603 1468 785 1547 quod
839 1468 1011 1529 haec
1061 1470 1276 1530 verba
1322 1472 1692 1551 respiciunt
1740 1472 1827 1532 ad
1877 1471 2096 1533 locum
2146 1476 2463 1553 priorem,
2513 1494 2712 1553 quem
2754 1473 2887 1536 Cic.
2922 1496 3055 1536 non

601 1556 960 1619 transtulit.
1053 1557 1238 1619 Idem
1301 1561 1402 1621 vir
1461 1560 1703 1622 doctus
1760 1561 1825 1641 (l.
1868 1580 1923 1623 c.
1974 1582 2035 1641 p.
2071 1563 2288 1642 64sq.)
2337 1572 2527 1624 recte
2576 1564 3059 1625 animadvertit

599 1647 810 1706 verba
861 1650 1176 1708 exeuntis
1225 1649 1375 1728 §57
1429 1647 1705 1710 fluxisse
1759 1671 1850 1710 ex
1913 1653 2287 1712 imitatione
2329 1648 2770 1714 Oeconomici
2822 1651 3057 1713 Xeno-

598 1736 874 1814 phontis
909 1734 1020 1817 (V,
1056 1736 1124 1818 9)
1173 1756 1400 1818 neque
1452 1741 1670 1814 minus
1717 1749 1908 1801 recte
1957 1752 2315 1821 comparat
2358 1760 2510 1801 cum
2562 1742 2787 1802 verbis
2821 1739 2858 1824 ξ
2894 1744 3055 1814 56,9

597 1821 874 1885 Catonis
925 1846 1118 1899 „mea
1159 1827 1430 1907 quidem
1469 1831 1814 1889 sententia
1849 1837 2013 1891 etc.“
2050 1829 2348 1890 eiusdem
2391 1830 2533 1890 libri
2572 1829 3057 1910 Xenophontis

598 1913 784 1974 locos
833 1915 1002 1976 duos
1052 1912 1162 1997 (V,
1201 1916 1297 1988 10,
1338 1920 1435 1978 14.
1483 1916 1638 1992 XV,
1672 1919 1758 2001 4).

745 2147 783 2231 ξ
835 2151 890 2210 3.
979 2146 1198 2227 Quae
1248 2147 1399 2211 Cic.
1449 2171 1544 2211 ex
1595 2149 1770 2211 aliis
1819 2152 2147 2229 scriptis
2197 2152 2447 2230 ipsius
2496 2151 2904 2231 prioribus

1575 2242 2083 2319 repetiverit.

773 2362 954 2423 Reid
977 2364 1039 2422 in
1065 2363 1380 2424 editionis
1405 2383 1569 2423 suae
1603 2363 1989 2443 appendice
2014 2363 2070 2423 B
2095 2366 2296 2424 etiam
2338 2365 2549 2425 verba
2582 2362 2620 2446 ς
2648 2364 2726 2426 78
2764 2375 2834 2423 et
2871 2363 3055 2425 locos

597 2454 927 2531 quosdam
1001 2450 1389 2513 Platonicos
1449 2451 1817 2534 (‚‚cumque
1884 2473 2160 2533 semper
2230 2489 2310 2497 —
2371 2454 2455 2513 sit
2523 2455 2913 2513 relicturus“
2986 2464 3069 2531 et,

595 2539 885 2601 Phaedr.
934 2560 996 2620 p.
1041 2543 1165 2602 245
1203 2538 1282 2613 C;
1357 2553 1466 2619 „et
1524 2562 1674 2602 cum
1737 2541 2029 2621 simplex
2075 2577 2162 2585 —
2211 2543 2524 2602 interire³‘
2590 2551 2660 2602 et
2708 2540 3056 2602 Phaedon.

595 2649 658 2709 p.
697 2628 916 2711 78s80,
958 2650 1392 2711 „magnoque
1438 2651 1589 2690 esse
1626 2642 2037 2710 argumento
2074 2668 2154 2676 —
2190 2632 2526 2691 reminisci
2566 2641 2637 2691 et
2668 2631 3049 2691 recordari·‘

597 2729 671 2780 et
717 2718 1070 2782 Phaedon.
1101 2741 1162 2800 p.
1201 2723 1280 2782 72
1316 2719 1560 2801 Esqq.)
1596 2722 1661 2781 in
1711 2733 2086 2801 conspectu
2138 2720 2513 2784 collocavit.
2592 2719 2728 2783 Sed
2766 2731 3057 2801 apparet

599 2809 706 2869 illa
745 2830 876 2871 non
915 2830 1005 2870 ex
1036 2809 1322 2870 Platone
1352 2813 1496 2891 ipso
1531 2812 1858 2872 translata
1895 2832 2047 2871 esse
2079 2833 2118 2871 a
2150 2808 2285 2872 Cic.
2364 2809 2732 2871 Praeterea
2765 2813 3051 2891 primum

597 2899 1120 2960 immortalitatis
1147 2902 1346 2960 animi
1376 2910 1855 2979 argumentum
1880 2902 2096 2980 (‚‚cum
2124 2911 2317 2960 tanta
2338 2901 2653 2960 celeritas
2677 2902 3052 2960 animorum

594 2990 678 3047 sit
729 2994 922 3069 etc.“)
970 2989 1151 3069 apud
1183 2987 1536 3050 Platonem
1577 3010 1709 3050 non
1747 2992 2105 3050 invenitur.
2185 2987 2433 3050 Omnia
2467 3000 2693 3049 autem
2734 2997 3057 3068 quattuor

600 3086 1014 3156 argumenta
1085 3080 1517 3157 reperiuntur
1582 3080 1646 3137 in
1720 3077 1889 3138 libro
1970 3079 2186 3156 primo
2267 3077 2531 3137 Tuscul.
2608 3076 2876 3156 Disput.
2942 3075 3053 3158 (cf.

597 3165 882 3227 Moorii
955 3168 1229 3247 adnot.).
1321 3165 1547 3227 Primo
1607 3177 2016 3247 argumento
2076 3163 2209 3227 Cic,
2267 3169 2567 3226 breviter
2624 3174 3055 3225 consummat

595 3275 694 3328 ea,
746 3275 921 3336 quae
974 3258 1034 3316 in
1071 3253 1151 3338 ἕξ
1185 3254 1386 3338 59s66
1437 3255 1634 3317 Tus0.
1681 3255 1873 3336 Disp.
1916 3256 1950 3317 l.
1995 3255 2041 3316 Ι.
2092 3257 2409 3334 exposuit
2457 3255 2661 3334 idque
2712 3264 3053 3327 accurate,

599 3355 669 3403 ut
717 3347 1146 3426 comparanti
1180 3344 1570 3424 diligentius
1604 3355 1912 3425 apparet.
1998 3341 2363 3420 ⁷‚Celeritas
2398 3345 2814 3403 animorum“
2869 3362 3052 3403 com-

595 3444 1013 3494 memoratur
1063 3434 1309 3494 ibidem
1363 3436 1426 3494 in
1462 3433 1500 3517 §
1533 3437 1616 3495 43
1655 3433 1766 3515 (cf.
1801 3455 1924 3514 pro
1964 3435 2168 3494 Arch.
2212 3435 2247 3512 ἓ
2284 3433 2408 3513 17).
2490 3430 2807 3492 Secundo
2852 3451 3051 3510 argu-

598 3533 828 3583 mento
891 3525 1126 3603 paucis
1186 3525 1413 3584 verbis
1469 3524 1948 3603 complectitur
1996 3544 2095 3595 ea,
2144 3543 2320 3602 quae
2372 3524 2434 3581 in
2484 3520 2563 3604 §§
2613 3523 2812 3598 53s55
2854 3519 3053 3583 TuSC.

591 3610 781 3690 Disp.
834 3612 868 3672 l.
911 3612 940 3672 l
980 3612 1205 3672 attulit
1269 3633 1354 3672 ex
1421 3611 1723 3673 Platonis
1782 3611 2097 3673 Phaedro
2159 3615 2243 3692 (p.
2280 3613 2401 3672 245
2456 3609 2725 3691 quq.).
2819 3608 3051 3670 Tertio

595 3702 851 3760 eisdem
907 3700 1049 3761 fere
1102 3704 1323 3762 verbis
1366 3703 1619 3780 repetit
1662 3723 1759 3773 ea,
1812 3721 1988 3781 quae
2036 3703 2097 3761 in
2132 3699 2170 3783 ς
2212 3703 2289 3761 71
2328 3699 2524 3760 Tusc.
2558 3699 2746 3778 Disp.
2781 3698 2815 3758 l.
2849 3699 2894 3760 I.
2938 3720 3051 3759 ex-

593 3799 938 3868 ponuntur
987 3811 1076 3851 ex
1123 3789 1423 3850 Platonis
1473 3789 1842 3850 Phaedone
1890 3795 1976 3869 (p.
2012 3794 2092 3852 78
2127 3789 2183 3849 B
2219 3801 2395 3869 sqq.)
2429 3794 2752 3868 prompta
2786 3787 3050 3868 (Moore

532 3889 544 3901 ‘
593 3877 828 3961 falso§
864 3881 947 3940 66
983 3879 1180 3940 Tusc.
1213 3879 1403 3958 Disp.
1452 3878 1699 3960 affert.)
1796 3877 2055 3956 Quarto
2108 3880 2403 3957 denique
2436 3876 2475 3960 ξ
2509 3881 2589 3937 57
2627 3876 2827 3937 Tusc.
2862 3877 3051 3957 Disp.

597 3968 630 4028 l.
661 3968 691 4027 l
735 3965 846 4049 (cf.
890 3966 1235 4028 Phaedon.
1283 3988 1346 4048 p.
1390 3971 1471 4030 72
1508 3967 1576 4028 Ε.
1657 3967 1929 4038 Menon,
1982 3987 2043 4047 p.
2091 3967 2316 4048 82s‘86)
2368 3968 2667 4027 breviter
2716 3968 3052 4045 astringit.

595 4056 697 4116 Ex
730 4059 859 4117 hac
894 4059 1347 4136 congruentia
1389 4059 1820 4136 perspicuum
1869 4066 1975 4116 est
2007 4055 2140 4117 Cic.
2186 4056 2295 4116 illa
2328 4056 2695 4134 sumpsisse
2732 4075 2821 4114 ex
2854 4055 3051 4115 Tusc.

591 4144 782 4225 Disp.
833 4144 866 4205 l.
899 4146 946 4218 Ι,
1006 4146 1188 4225 quod
1248 4165 1418 4226 opus
1478 4166 1608 4205 uno
1670 4145 1815 4205 fere
1875 4165 2053 4205 anno
2115 4158 2275 4204 ante
2324 4143 2654 4205 Catonem
2722 4146 3046 4223 scriptum

593 4247 716 4294 est.
798 4235 895 4294 At
946 4236 1190 4294 dixerit
1231 4236 1381 4314 quis
1415 4254 1564 4294 eum
1603 4234 1710 4295 illa
1747 4255 1835 4293 ex
1870 4236 2197 4294 memoria
2233 4235 2295 4292 in
2331 4231 2593 4295 Catone
2629 4235 3051 4312 repetivisse,

594 4343 730 4383 non
780 4325 1150 4402 sumpsisse
1200 4343 1288 4382 ex
1336 4323 1533 4383 Tusc.
1581 4322 1771 4402 Disp.
1822 4323 1858 4383 l.
1889 4323 1935 4383 I.
2014 4320 2153 4382 Sed
2188 4324 2391 4382 etiam
2445 4321 2614 4380 aliae
2664 4323 3048 4382 sententiae

591 4413 805 4491 partis
866 4420 1150 4492 quartae
1220 4414 1653 4472 inveniuntur
1717 4414 1780 4470 in
1844 4411 2041 4471 Tusc.
2090 4411 2279 4490 Disp.
2330 4411 2363 4472 l.
2422 4409 2465 4470 l.
2532 4408 2755 4489 Supra
2804 4409 2893 4490 (p.
2939 4408 3048 4490 29)

591 4503 879 4561 vidimus
902 4497 1034 4561 Cic.
1059 4502 1424 4560 ostendere
1452 4509 1736 4559 mortem
1765 4500 2341 4559 contemnendam
2382 4519 2561 4568 esse,
2594 4507 2666 4558 et
2697 4500 2746 4557 si
2774 4501 3047 4559 omnino

591 4592 1076 4666 exstinguatur
1143 4592 1403 4649 animus
1471 4601 1540 4647 et
1607 4591 1658 4647 si
1731 4588 2125 4648 immortalis
2193 4591 2277 4648 sit
2345 4587 2607 4647 futurus
2677 4585 2741 4669 (ἓ
2787 4590 2886 4660 66,
2920 4587 3049 4668 85).
