3584 5475
1530 1165 1997 1247 Conclusio,

709 1326 929 1408 Spero
983 1328 1139 1389 mihi
1188 1330 1594 1408 contigisse,
1630 1337 1704 1389 ut
1738 1329 2083 1409 quomodo
2117 1325 2252 1391 Cic.
2285 1328 2615 1391 Catonem
2660 1332 2981 1391 maiorem

532 1418 1015 1497 composuerit,
1063 1417 1306 1487 clarius
1355 1420 1482 1478 iam
1536 1420 2026 1497 perspiciamus
2060 1427 2269 1499 atque
2306 1420 2526 1498 magis
2561 1418 2986 1481 delectemur

530 1515 891 1567 venustate
943 1508 1135 1567 huius
1185 1507 1506 1587 opusculi.
1586 1504 1778 1585 Quae
1824 1508 2193 1587 praecipue
2227 1508 2385 1568 inde
2420 1508 2827 1588 explicanda
2861 1518 2983 1580 est,

531 1596 733 1676 quod,
783 1615 1195 1676 quamquam
1250 1598 1475 1657 animo
1525 1594 1790 1676 fingere
1843 1596 2173 1657 debemus
2222 1616 2372 1658 eum
2412 1598 2763 1677 scripsisse
2805 1599 2984 1659 hunc

528 1684 768 1746 librum
835 1685 1154 1746 adhibitis
1211 1685 1395 1746 libris
1451 1688 1746 1747 auctoris
1806 1683 2054 1747 Graeci
2112 1688 2271 1757 eiuS‚
2332 1688 2445 1766 qui
2502 1686 2675 1767 „aspi
2735 1687 2982 1768 γήρως“

529 1775 816 1854 scripsit,
863 1772 1184 1849 PlatoniS,
1224 1772 1724 1855 XenophontiS,
1763 1774 2161 1836 Tusculanis
2194 1774 2809 1855 DisputationibuS,
2849 1772 2983 1838 Cic.

527 1865 674 1943 ipse
725 1883 975 1937 „senex
1023 1864 1110 1924 ad
1157 1883 1394 1931 senem
1448 1865 1530 1924 de
1582 1870 1972 1925 senectute“
2023 1863 2232 1947 (Lael.
2279 1861 2316 1947 ξ
2354 1862 2419 1946 5)
2467 1867 2741 1945 scripsit
2774 1874 2981 1945 atque

529 1972 688 2013 usus
737 1960 843 2012 est
891 1955 1006 2024 eiS,
1057 1973 1232 2033 quae
1283 1955 1428 2033 ipse
1480 1955 1578 2013 vir
1627 1956 1820 2014 annis
1852 1963 2220 2033 provectus
2261 1954 2345 2013 de
2380 1952 2713 2015 fructibus
2746 1974 2983 2015 senec-

529 2043 690 2102 tutis
737 2044 1088 2121 cogitavit.
1180 2040 1377 2103 Haec
1426 2043 1782 2103 admiratio
1834 2044 2035 2103 etiam
2090 2052 2400 2122 augetur,
2449 2062 2603 2103 cum
2656 2064 2755 2116 ea,
2804 2064 2981 2123 quae

529 2130 636 2192 alii
684 2130 769 2191 de
817 2139 1178 2192 senectute
1227 2132 1662 2211 scripserunt,
1703 2131 1969 2211 legeriS,
2004 2131 2188 2193 Iunci
2224 2132 2464 2193 librum
2501 2132 2676 2213 „aspi
2715 2132 2982 2214 γήρως“,

529 2220 817 2304 Musonii
877 2219 1275 2301 opusculum
1338 2221 1426 2295 „n‘
1477 2220 1727 2300 ἄριστον
1783 2221 2001 2302 γήρως
2057 2220 2369 2302 ε’φόὸιον“,
2417 2219 2760 2282 Plutarchi
2811 2241 2982 2302 opus

527 2311 618 2383 ,,ει’
651 2310 1060 2391 πρεσβυτέρῳ
1091 2309 1508 2372 πολιτευτεόνιι
1545 2308 1656 2391 (cf.
1690 2329 1751 2389 p.
1785 2310 1915 2390 46).
1978 2308 2116 2372 Sed
2152 2310 2322 2371 haec
2358 2329 2569 2390 opera
2592 2309 2981 2390 diligentius

526 2400 939 2478 perscrutari
996 2418 1149 2459 cum
1208 2400 1559 2479 proposito
1619 2408 1851 2459 nostro
1912 2418 2045 2459 non
2106 2401 2450 2473 cohaeret,
2510 2419 2660 2461 cum
2719 2421 2809 2461 ex
2860 2400 2981 2460 illis

522 2489 798 2567 ,scriptis
847 2496 1143 2568 excepto
1193 2487 1362 2549 libro
1411 2486 1819 2549 Plutarcheo
1871 2488 2028 2547 nihil
2078 2486 2223 2548 fere
2276 2490 2359 2548 de
2412 2486 2674 2549 Catone
2729 2491 2979 2550 maiore

528 2578 885 2637 discamus,

704 2665 899 2727 Haec
965 2669 1098 2728 iam
1157 2668 1585 2747 scripseram,
1642 2686 1795 2727 cum
1858 2666 1971 2741 Fr.
2016 2666 2427 2727 Wilhelmi
2487 2666 2747 2728 libellus
2811 2667 2977 2746 „Die

524 2754 780 2817 Schrift
815 2757 936 2818 des
969 2757 1214 2818 Iuncus
1245 2756 1387 2836 περὶ
1420 2757 1635 2838 γήρως
1672 2757 1808 2837 und
1847 2758 1949 2816 ihr
1975 2755 2363 2818 Verbaltnis
2387 2778 2463 2817 zu
2488 2753 2786 2838 Cicero’s
2809 2754 2977 2819 Cato

525 2847 772 2907 maior“
825 2845 1247 2926 (programm
1288 2848 1473 2908 1911-
1503 2867 1599 2907 nr.
1636 2849 1760 2908 263
1799 2847 1919 2906 des
1954 2845 2317 2907 Breslauer
2358 2845 2978 2926 Konig-Wilhelm-

526 2932 1037 3016 Gymnasiums)
1089 2938 1151 2995 in
1189 2935 1531 3016 publicum
1576 2937 1797 2995 editus
1831 2943 1953 2997 est.
2015 2935 2202 2996 Iunci
2239 2935 2499 3011 librum,
2533 2937 2721 2996 cuius
2755 2937 2976 2997 studio

524 3034 596 3084 ut
654 3023 739 3083 de
789 3019 1051 3084 Catone
1104 3026 1356 3084 maiore
1408 3023 1843 3096 dissererem,
1901 3024 2233 3085 adductus
2281 3044 2458 3097 sum,
2520 3045 2653 3085 non
2706 3045 2795 3085 ex
2843 3022 2977 3087 Cic.

525 3112 1001 3172 dissertatione
1063 3113 1368 3192 pendere
1427 3114 1572 3192 ipse
1633 3115 1763 3173 iam
1824 3113 2125 3173 videram
2186 3123 2395 3193 atque
2434 3112 2779 3175 wilhelmi
2827 3133 2976 3194 per-

521 3203 940 3261 scrutatione
989 3200 1449 3262 confirmatur.
1526 3201 1799 3262 Faltin
1846 3211 2125 3282 'quoque
2174 3204 2239 3263 in
2286 3204 2763 3263 dissertatione
2800 3203 2977 3276 „Des

518 3289 782 3350 Iuncus·
831 3287 1090 3350 Schrift
1151 3290 1292 3369 περὶ
1358 3292 1604 3371 γήρως“
1673 3292 2115 3352 antecedenti
2182 3311 2360 3352 anno
2422 3291 2738 3372 Friburgi
2794 3295 2976 3372 typis

522 3378 864 3452 mandata,
907 3398 1041 3459 qua
1075 3377 1301 3440 multis
1334 3390 1404 3440 et
1443 3398 1665 3459 paene
1701 3381 1919 3441 nimiis
1955 3381 2285 3460 exemplis
2323 3383 2659 3442 uberrime
2696 3382 2975 3442 demon-

521 3476 774 3528 stratur
808 3477 1156 3528 auctorem
1193 3468 1449 3529 illorum
1489 3467 2034 3548 fragmentorum
2061 3472 2254 3550 sequi
2275 3471 2617 3531 scribendi
2638 3473 2972 3531 rationem

521 3576 777 3630 eorum,
813 3559 927 3638 qui
965 3557 1336 3618 Atticistae
1370 3567 1721 3630 vocantur,
1761 3560 1939 3620 hanc
1974 3561 2445 3640 quaestionem
2484 3561 2726 3621 eodem
2772 3560 2975 3622 modo

522 3646 928 3707 diiudicavit.
976 3645 1175 3707 Falso
1199 3647 1470 3726 quidem
1496 3647 1604 3706 ille
1634 3649 1731 3708 vir
1759 3649 2000 3708 doctus
2019 3647 2197 3728 Liitj
2218 3651 2513 3710 ohanni
2549 3660 2619 3709 et
2643 3647 2975 3710 Ottonis
3012 3712 3017 3717 ,

521 3737 950 3815 opinionibus
983 3756 1058 3796 se
1097 3736 1412 3816 applicat.
1475 3736 1809 3796 Attamen
1845 3745 2035 3798 recte
2061 3739 2541 3798 animadvertit
2574 3740 2638 3797 in
2672 3738 2975 3799 fontibus

520 3821 797 3887 Catonis
835 3852 837 3854 ·
883 3823 1153 3886 maioris
1230 3826 1704 3905 perquirendis
1783 3846 1916 3886 non
2000 3826 2479 3906 neglegendos
2557 3847 2708 3887 esse
2788 3827 2975 3888 locos

519 3933 920 3984 communes
968 3914 1287 3976 librorum
1342 3915 1426 3974 de
1475 3923 1836 3975 senectute
1870 3917 2271 3994 scriptorum
2312 3924 2381 3975 et
2416 3916 2973 3994 consolationum,

518 4023 608 4064 ex
642 4006 886 4084 quibus
919 4000 1053 4066 Cic.
1087 4003 1272 4065 locos
1309 4004 1669 4084 collegisse
1705 4003 1787 4064 R.
1825 4003 2128 4064 Heinze
2165 4024 2439 4085 quoque
2473 4007 2536 4064 in
2574 4004 2972 4084 praelectio-

519 4093 715 4153 nibus
764 4094 895 4154 hoc
941 4112 1119 4154 anno
1161 4094 1246 4153 de
1282 4089 1414 4155 Cic.
1450 4093 1700 4154 habitis
1735 4093 1929 4168 dixit„
1954 4102 2161 4173 atque
2197 4095 2342 4172 ipse
2377 4094 2753 4172 permultos
2788 4093 2973 4154 locos

517 4181 766 4242 similes
790 4184 1158 4262 congessit,
1176 4202 1326 4244 cum
1355 4183 1673 4262 equidem
1695 4183 1823 4242 hac
1847 4182 2324 4242 dissertatione
2349 4183 2611 4242 nonnisi
2632 4185 2966 4243 rationem

515 4273 696 4331 inter
741 4270 997 4333 Cic..et
1044 4272 1386 4332 Aristonis
1435 4271 1640 4332 libros
1688 4273 2223 4351 perquisiverim.
2285 4269 2417 4331 Illis
2452 4270 2614 4331 locis
2646 4271 2973 4332 similibus

517 4362 832 4422 omnibus
889 4360 1193 4422 collectis
1254 4362 1563 4442 quaestio
1623 4380 1730 4439 ea,
1793 4367 1969 4441 quae
2030 4368 2135 4419 est
2193 4359 2278 4420 de
2339 4358 2641 4419 fontibus
2692 4358 2971 4421 Catonis

519 4449 788 4509 maioris
817 4449 1024 4529 plane
1058 4449 1375 4524 solvetur,
1420 4458 1747 4530 quantum
1783 4450 2031 4509 nostris
2065 4449 2487 4529 temporibus
2520 4447 2690 4508 solvi
2722 4457 2969 4528 potest.
