3584 5475
1669 534 2112 594 „50-

664 714 1058 772 invenimus.
1160 710 1400 789 Itaque
1466 712 1782 790 equidem
1852 730 2105 771 censeo
2171 730 2294 790 pro
2359 720 2548 771 certo
2616 710 2849 769 haberi
2915 730 3117 789 posse

661 804 725 861 in
779 800 967 861 fonte
1020 798 1288 861 Graeco
1338 796 1472 861 Cic.
1521 798 1727 859 fuisse
1776 797 2012 859 Stoica
2058 819 2277 879 eaque
2328 802 2599 879 saepius
2648 819 2797 859 cum
2844 798 3119 859 Bioneis

663 896 946 950 conexa.

849 977 994 1039 Hac
1061 998 1149 1039 ex
1214 998 1287 1037 re
1348 997 1479 1038 non
1540 980 1684 1051 sine
1743 977 1969 1057 aliqua
2024 979 2253 1056 specie
2312 979 2619 1037 veritatis
2676 977 3122 1045 concludatur

664 1066 1018 1129 Stoicum
1093 1069 1440 1147 scripsisse
1498 1067 1895 1127 Aristonem
1967 1064 2353 1127 Tithonum.
2456 1067 2691 1145 Atque
2762 1068 2987 1126 insunt
3056 1069 3117 1126 in

664 1154 926 1217 Catone
987 1155 1322 1227 nonnulla,
1380 1176 1555 1236 quae
1615 1175 1767 1216 curn
1829 1152 1974 1217 Chii
2031 1155 2414 1236 philosophi
2474 1154 2881 1235 fragmentis
2940 1174 3119 1215 com-

665 1248 886 1325 parari
955 1255 1256 1325 possunt.
1359 1244 1606 1306 Totum
1677 1264 1803 1324 per
1858 1243 2187 1305 Catonem
2258 1246 2639 1305 invenimus
2708 1264 2964 1305 morem
3035 1244 3121 1303 ad

666 1334 1093 1396 illustrandas
1126 1336 1502 1395 sententias
1557 1334 1788 1394 utendi
1832 1333 2392 1395 similitudinibus,
2472 1326 2900 1413 Quamquam
2949 1333 3119 1393 haec

667 1424 1091 1485 consuetudo
1150 1423 1410 1485 Bionea
1474 1420 1613 1483 Ceo
1682 1443 1956 1503 quoque
2024 1422 2427 1502 philosopho
2495 1425 2766 1503 propria
2836 1432 2943 1481 est
3010 1422 3121 1501 (cf.

667 1512 942 1591 Mayer
986 1512 1020 1574 l.
1054 1531 1108 1572 ο.
1143 1532 1203 1591 p.
1237 1515 1384 1585 491,
1433 1513 1585 1572 adn.
1626 1512 1750 1594 13),
1799 1522 2030 1573 tamen
2065 1511 2214 1592 plus
2254 1513 2461 1573 semel
2500 1513 2807 1573 videmus
2842 1512 3115 1571 easdem

664 1603 1215 1681 comparationes
1261 1602 1616 1674 adhibitas,
1659 1621 1830 1682 quas
1872 1602 2159 1662 instituit
2203 1602 2436 1662 Aristo
2473 1598 2693 1663 Chius.
2763 1599 3122 1661 Histrionis

664 1689 1025 1751 similitudo
1061 1690 1146 1751 ab
1183 1688 1416 1752 Stoico
1450 1690 1557 1751 illo
1592 1710 1817 1769 paene
1851 1689 2108 1771 Cynico
2144 1691 2445 1751 adhibita
2480 1702 2585 1750 est
2620 1691 2704 1751 ad
2742 1690 3115 1751 doctrinam

664 1779 1075 1859 peculiarem
1146 1779 1604 1839 illustrandam
1669 1778 1795 1861 (St.
1840 1778 1920 1841 V.
1964 1779 2031 1841 F.
2075 1779 2168 1860 fg.
2214 1782 2385 1861 375).
2481 1780 2682 1840 Vitae
2751 1799 2901 1840 cum
2967 1781 3121 1838 vino

667 1868 1092 1954 collationem
1133 1869 1190 1948 (ᾖ
1227 1870 1352 1949 65),
1405 1888 1602 1948 quam
1643 1869 1730 1928 ad
1768 1868 2030 1930 fontem
2068 1869 2523 1930 revocandam
2564 1889 2715 1929 esse
2753 1870 2879 1928 iam
2918 1888 3123 1947 supra

665 1957 754 2037 (p.
788 1958 898 2036 47)
957 1959 1276 2037 suspicati
1336 1978 1592 2043 sumuS,
1651 1958 1983 2019 simillimo
2048 1959 2250 2019 modo
2302 1958 2535 2019 Aristo
2585 1956 2789 2019 Chius
2838 1957 3125 2021 instituit

668 2049 727 2106 in
790 2045 1183 2125 fragmento
1244 2066 1281 2106 a
1339 2046 1608 2108 Seneca
1665 2056 1940 2108 servato
2000 2046 2119 2127 (fg.
2165 2049 2337 2126 388).
2429 2047 2499 2107 In
2564 2048 2728 2127 §48
2787 2047 3123 2107 invenitur

663 2134 1030 2196 similitudo
1098 2156 1136 2196 a
1203 2136 1472 2196 theatro
1541 2138 1773 2215 petita.
1865 2136 2003 2197 Iam
2068 2138 2129 2196 in
2191 2138 2415 2216 priore
2465 2146 2661 2216 parte
2714 2136 2803 2215 (p.
2850 2138 2957 2216 24)
3008 2136 3121 2195 ad—

668 2226 1051 2285 notavimus
1118 2225 1293 2289 hanc
1360 2224 1414 2304 ξ,
1480 2245 1628 2285 cum
1703 2246 1835 2285 non
1905 2227 2070 2286 satis
2136 2225 2503 2305 diligenter
2567 2246 2716 2287 cum
2791 2226 3123 2305 prioribus

666 2333 934 2374 conexa
982 2315 1084 2386 sit,
1143 2334 1231 2373 ex
1287 2312 1479 2373 fonte
1539 2324 1880 2393 sumptam
1942 2335 2111 2375 esse.
2205 2315 2277 2374 In
2340 2326 2421 2375 ea
2480 2318 2703 2376 inesse
2758 2315 3124 2375 Aristonea

669 2405 796 2463 iam
849 2403 1007 2462 inde
1057 2404 1382 2482 suspicari
1433 2403 1608 2476 licet,
1657 2404 1838 2484 quod
1890 2404 2251 2465 similitudo
2302 2404 2598 2465 affertur.
2688 2403 2827 2464 Sed
2879 2404 3126 2463 dixerit

667 2494 816 2571 quis
865 2512 1016 2551 eam
1069 2492 1465 2564 doctrinam,
1516 2511 1692 2571 quae
1742 2492 1829 2553 illi
1869 2495 2101 2565 subsit,
2152 2494 2522 2555 abhorrere
2565 2514 2603 2553 a
2639 2490 2871 2554 Stoico
2913 2492 3121 2572 philo-

665 2581 900 2659 soph0‚
925 2601 1126 2661 quem
1151 2578 1284 2641 Cic.
1307 2581 1797 2660 „praefractum
1827 2591 1895 2641 et
1923 2582 2255 2643 ferreum“
2281 2585 2585 2649 nominet
2607 2581 3022 2663 (Hortensi
3042 2600 3123 2642 us

667 2668 760 2750 fg.
806 2671 888 2730 38
941 2668 1268 2750 Miiller).
1361 2671 1459 2730 At
1527 2672 1652 2730 iam
1709 2667 2113 2732 Gieseck'e
2182 2670 2243 2750 (l.
2294 2692 2347 2733 c.
2396 2691 2457 2752 p.
2496 2672 2649 2751 210)
2709 2670 2934 2731 attulit
2980 2667 3120 2730 Chii

666 2758 1049 2840 philosophi
1109 2759 1567 2821 definitionem
1634 2763 2132 2840 temperantiae
2194 2781 2365 2833 eam,
2433 2782 2609 2841 quae
2670 2783 2709 2822 a
2758 2761 3123 2821 Plutarcho

664 2857 940 2909 servata
1008 2857 1114 2934 est
1181 2848 1298 2928 (fg.
1343 2848 1497 2930 375)
1575 2851 1644 2929 ,,ἡ
1714 2849 1898 2931 ἀρετὴ
1957 2887 2044 2893 ——-
2100 2851 2440 2931 ἐπιθυμίαν
2495 2856 2828 2932 κοσμοῦσα
2896 2850 3001 2912 καὶ
3057 2848 3125 2909 τὸ

664 2939 921 3017 μέτριον
967 2937 1074 2999 καὶ
1129 2939 1426 3018 εὔκαιρον
1487 2939 1552 2999 ἓν
1613 2939 1871 3019 ἡδοναῖς
1940 2939 2239 3018 ὁρίζουσα
2288 2939 2633 3022 (κέκληται)
2683 2940 3125 3020 σωφροσύνη“.
3192 3015 3199 3021 ἢ

665 3025 875 3086 Porro
928 3028 1052 3086 iam
1106 3046 1311 3106 supra
1359 3025 1448 3108 (p.
1482 3030 1697 3107 46sq.,
1731 3029 1844 3110 49)
1897 3028 2372 3090 adnotavimus
2422 3032 2626 3090 etiam
2674 3039 2882 3108 atque
2919 3031 3120 3089 etiam

665 3117 1035 3194 vituperari
1069 3116 1416 3176 stultitiam
1457 3118 1909 3196 insipientium
1947 3119 2561 3180 vehementissime.
2628 3116 2843 3196 Quam
2883 3119 3125 3179 doctri-

668 3224 844 3277 nam,
891 3204 1132 3265 stultos
1182 3206 1490 3266 homines
1538 3208 1851 3277 insanire,
1902 3227 2313 3286 quamquam
2370 3228 2608 3268 omnes
2650 3205 2863 3267 Stoici
2910 3208 3123 3267 secuti

663 3304 841 3366 sunt,
907 3305 1135 3354 tamen
1196 3295 1591 3355 Aristonem
1663 3298 1958 3356 maxime
2020 3298 2263 3356 ursisse
2322 3305 2593 3358 constat
2651 3307 2722 3356 et
2779 3317 2868 3357 ex
2922 3295 3125 3375 Diog.

667 3380 891 3442 Laert.
949 3381 1071 3464 (fg.
1115 3384 1268 3463 347)
1339 3386 1726 3445 testimonio
1797 3393 1868 3444 et
1924 3406 2013 3445 ex
2070 3385 2477 3465 fragmentis
2544 3387 2703 3466 ipsis
2762 3407 2796 3446 a
2858 3383 3127 3447 Seneca

663 3470 789 3550 (fg.
825 3471 980 3551 359)
1032 3481 1102 3532 et
1151 3493 1191 3532 a
1231 3469 1538 3533 (ialeno
1575 3472 1697 3551 (fg.
1733 3475 1889 3554 374)
1938 3477 2245 3536 servatis,
2326 3473 2475 3553 Qua
2509 3495 2581 3535 re
2618 3478 2747 3536 iam
2786 3472 3126 3535 Giesecke

664 3560 1004 3620 adductus
1048 3570 1170 3632 est,
1220 3571 1290 3621 ut
1325 3559 1490 3622 Chio
1534 3562 1937 3642 philosopho
1972 3563 2340 3625 Tithonum
2387 3566 2737 3625 tribueret.
2814 3563 3025 3624 Porro
3061 3565 3123 3623 in

665 3651 895 3709 verbis
945 3646 981 3731 ξ
1019 3652 1055 3709 9
1106 3651 1488 3728 „aptissima
1521 3663 1680 3711 sunt
1712 3672 1899 3712 arma
1944 3655 2319 3714 senectutis
2352 3664 2535 3714 artes
2568 3655 3127 3714 exercitationes-

581 3771 587 3776 ,
667 3758 804 3817 que
855 3739 1232 3810 virtutum“;
1284 3741 1389 3800 ubi
1444 3748 1693 3811 ‚,artes“
1743 3740 2131 3820 significare
2183 3753 2558 3823 praecepta
2596 3742 2831 3803 Moore
2872 3743 3127 3822 primus

667 3836 860 3887 recte
910 3830 1264 3907 perspexit
1314 3827 1424 3909 (cf.
1458 3828 1658 3890 Thes,
1701 3829 1906 3910 lingu.
1948 3829 2093 3892 Lat.
2127 3831 2204 3904 ΙΙ,
2246 3851 2307 3912 p.
2345 3833 2497 3913 609)
2549 3833 2927 3892 invenimus
2976 3831 3127 3890 Ari·

668 3919 882 3976 stonis
906 3917 1278 3977 doctrinam
1308 3938 1348 3978 a
1368 3917 1635 3978 Seneca
1659 3921 1721 3978 in
1747 3921 1882 3998 §48
1906 3920 2237 3999 epistulae
2257 3923 2340 3983 94
2362 3930 2723 3982 servatam.
2757 3919 3123 3980 Praeterea

670 4007 897 4064 verbis
973 4008 1167 4085 „quia
1243 4026 1584 4085 nunquam
1659 4010 1985 4069 deserunt
2050 4029 2139 4070 sc.
2208 4019 2389 4070 artes
2457 4011 3124 4088 exercitationesque

669 4096 988 4154 virtutum
1052 4115 1137 4154 ne
1178 4107 1508 4156 'extremo
1561 4099 1830 4176 quidem
1894 4107 2209 4179 tempore
2260 4101 2539 4160 aetatis“
2600 4120 2731 4160 non
2782 4108 3127 4179 repugnat

669 4183 1012 4243 Aristonis
1069 4185 1319 4244 dictum
1378 4206 1412 4244 a
1465 4184 1770 4246 Stobaeo
1822 4188 2229 4264 servatuml)
2280 4187 2400 4270 (fg.
2444 4190 2592 4264 399)
2643 4187 2892 4261 ,πολλοὶ
2939 4187 3127 4268 σοφοὶ

666 4270 830 4351 (non
859 4269 1318 4351 ,‚insipie1]tes“
1348 4274 1609 4356 senesl)
1634 4275 1879 4356 γηραιοὶ
1908 4276 2294 4356 φιλοζωοῦσι
2321 4326 2332 4338 .
2357 4327 2367 4337 .
2392 4326 2403 4339 .
2430 4277 2553 4358 ὀψὲ
2586 4278 2807 4358 ἀρετῆς
2827 4277 3128 4358 ἐπήβολοι

853 4413 892 4477 ¹)
935 4413 1054 4462 Hoc
1095 4412 1345 4484 ὁμοίωμα
1385 4414 1526 4465 sicut
1565 4421 1754 4466 cetera
1781 4415 1954 4467 Stoici
1982 4433 2114 4468 esse
2140 4418 2454 4485 philosophi
2483 4419 2680 4486 Dyroff
2702 4425 2855 4472 recte
2884 4420 3129 4473 ostendit

669 4483 726 4546 (l.
755 4499 802 4533 c.
843 4500 894 4549 p.
922 4483 1160 4548 200sq.).
1236 4463 1401 4536 Falso
1440 4484 1707 4537 Gercke
1748 4487 1777 4536 l.
1818 4504 1864 4538 c.
1905 4504 1957 4554 p.
1985 4489 2091 4538 204
2130 4488 2260 4540 illud
2299 4490 2439 4541 Chio
2476 4490 2811 4558 philosopho
2850 4492 3128 4544 abiudicat

667 4553 761 4621 (cf.
788 4553 861 4620 fg.
889 4553 1018 4616 3703
1058 4555 1187 4606 Sen.
1217 4571 1306 4622 ep.
1333 4555 1403 4606 94
1430 4555 1461 4624 ξ
1490 4556 1522 4607 3
1563 4574 1670 4618 „ex
1710 4558 1999 4625 disciplina
2036 4565 2095 4612 et
2129 4561 2608 4628 exercitatione“).
