3584 5475
1532 608 1973 668 —13—

521 782 688 845 libro
732 783 809 855 H,
859 784 969 864 §4
1023 784 1147 861 „de
1190 784 1427 846 divin.“
1481 795 1847 863 sumptum,
1896 784 1982 845 ad
2024 784 2333 846 Nestoris
2383 784 2772 865 exemplum
2824 785 2861 864 ἓ
2904 785 2982 847 31

521 873 880 952 epistulam
931 874 1017 933 ad
1050 872 1208 935 fam:
1247 871 1386 953 (IX,
1424 874 1526 950 14)
1568 873 1819 934 datam.
1883 874 2000 933 Ad
2041 894 2141 945 ea,
2190 893 2368 953 quae
2404 874 2489 934 de
2523 875 2983 936 conviviorum

520 961 775 1023 deliciis
841 964 1173 1036 dicuntur,
1240 964 1618 1044 praecipue.
1675 963 1763 1023 ad
1830 960 1941 1024 fin.
2006 963 2043 1043 ξ
2091 965 2173 1025 45
2243 961 2472 1024 afferri
2539 972 2829 1043 possunt
2884 983 2984 1033 ea,

521 1070 699 1131 quae
748 1049 883 1113 Cic.
940 1053 1007 1112 in
1065 1053 1253 1113 initio
1321 1054 1479 1113 anni
1527 1054 1612 1113 43
1681 1072 1739 1113 a.
1787 1049 1941 1114 Chr.
2007 1072 2070 1113 n.
2115 1050 2331 1113 Paeto
2389 1054 2660 1132 scripsit
2720 1056 2849 1132 (ep.
2898 1052 2987 1113 ad

517 1139 676 1201 fam.
723 1138 841 1214 IX,
899 1142 1001 1211 24,
1036 1143 1116 1218 2).
1206 1142 1542 1203 Attamen
1611 1140 1718 1201 ille
1785 1144 1888 1203 vir
1956 1142 2199 1203 doctus
2263 1143 2540 1202 nimium
2609 1142 2984 1215 contendit,

517 1248 672 1290 cum
727 1230 908 1291 dicat
949 1227 1282 1292 Catonem
1333 1232 1658 1291 maiorem
1719 1232 1912 1307 „eine
1959 1230 2317 1311 politische
2353 1229 2981 1304 Tendenzschrift“,

520 1319 707 1399 quod
772 1319 1170 1401 opusculum
1229 1316 1363 1381 Cic.
1428 1330 1616 1399 post
1683 1316 2047 1381 Caesarem
2118 1318 2550 1382 interfectum
2615 1321 2981 1401 scripserit,

519 1416 591 1469 ut
658 1410 805 1489 ipse
883 1410 1358 1470 auctoritatem
1440 1408 1548 1470 illo
1613 1417 1960 1491 regnante
2041 1411 2357 1469 amissam
2437 1410 2503 1469 in
2569 1429 2644 1470 re
2709 1409 2985 1489 publica

516 1506 965 1577 recuperaret
1021 1498 1079 1577 (l.
1128 1517 1183 1559 c.
1251 1518 1314 1578 p.
1365 1498 1534 1577 870).
1629 1499 1698 1560 E.
1745 1518 1850 1578 gr.
1900 1498 2083 1578 quod
2151 1499 2520 1560 arbitratur
2572 1496 2645 1559 L.
2694 1497 2977 1559 Brutum

517 1588 582 1646 in
652 1584 688 1670 ξ
748 1588 830 1650 75
899 1596 1507 1649 commemoratum
1587 1597 1908 1669 spectare
1979 1587 2065 1648 ad
2140 1586 2223 1648 D.
2292 1586 2595 1661 Brutum,
2672 1584 2981 1649 Caesaris

517 1677 858 1748 sicarium,
937 1676 1246 1757 neglexit
1323 1679 1526 1737 etiam
1596 1678 1661 1738 in
1733 1676 1929 1738 Tusc.
1995 1676 2263 1758 Disput.
2328 1676 2365 1738 l.
2411 1676 2466 1750 I,
2542 1678 2579 1757 ξ
2638 1678 2719 1738 85
2786 1676 2980 1738 simili

519 1766 720 1826 modo
760 1763 1046 1826 Brutum
1090 1765 1361 1829 allatum
1414 1786 1585 1828 esse.
1661 1765 2035 1827 Praeterea
2073 1786 2239 1844 cum·
2270 1764 2576 1827 Moorio
2617 1769 2701 1846 (p.
2736 1767 2979 1842 4ll43),

517 1856 704 1915 cuius
755 1854 990 1915 librum
1036 1852 1413 1916 Stettner
1451 1876 1585 1916 non
1627 1855 1815 1935 legit,
1864 1855 2021 1916 mihi
2072 1856 2379 1934 persuasi
2416 1853 2747 1918 Catonem
2790 1863 2978 1915 ante

516 1941 880 2005 Caesarem
919 1953 1255 2005 mortuum
1286 1946 1610 2025 scriptum
1637 1964 1790 2006 esse
1827 1953 2033 2024 atque
2069 1943 2238 2005 illius
2260 1946 2383 2005 viri
2406 1945 2591 2005 docti
2612 1944 2977 2025 disputatio

516 2036 837 2113 sagacior
887 2053 1091 2114 quam
1142 2035 1363 2095 verior
1411 2035 1681 2096 videtur
1728 2035 1888 2094 mihi
1939 2052 2091 2094 esse
2110 2030 2170 2111 ¹).

696 2120 1034 2202 Quoniam
1085 2120 1218 2184 Cic.
1266 2125 1618 2204 proposita
1675 2125 2146 2203 cognovimUS,
2203 2124 2336 2183 iam
2393 2121 2571 2196 licet,
2629 2122 2973 2203 quomodo

518 2211 863 2292 dialogum
898 2214 1378 2292 composuerit,
1403 2214 1801 2293 perquirere
1836 2213 2172 2293 neglectis
2194 2213 2371 2273 vitiis
2398 2232 2631 2273 eorum
2665 2213 2978 2286 virorum,

517 2303 630 2381 qui
680 2302 876 2361 nimis
921 2304 1252 2363 rationem
1321 2302 1611 2382 logicam
1663 2302 2135 2363 adhibuerunt.
2230 2298 2382 2380 Qua
2430 2302 2493 2362 in
2542 2302 2976 2381 inquisitione

515 2392 569 2451 si
648 2390 834 2451 locos
912 2412 1045 2453 non
1143 2394 1308 2452 satis
1385 2390 1763 2471 perpolitos
1844 2393 2334 2463 invenerimuS,
2428 2410 2564 2451 non
2645 2390 2978 2451 debemus

516 2482 956 2560 acquiescere
980 2483 1046 2541 in
1068 2481 1347 2542 levitate
1362 2477 1496 2542 Cio.
1516 2481 1913 2541 statuenda:
1947 2499 2151 2560 porro
2186 2480 2653 2561 quaerendum
2687 2489 2809 2553 est,
2842 2498 2979 2560 qua

517 2589 606 2630 ex
643 2590 717 2629 re
755 2579 905 2630 orta
942 2572 1046 2641 sit.
1126 2567 1354 2649 Quare
1388 2572 1517 2631 iam
1557 2571 1684 2630 hac
1719 2571 1782 2630 in
1819 2578 2016 2650 parte
2050 2568 2587 2650 significabimus
2620 2588 2741 2629 eos
2773 2569 2976 2643 lOCOS,

519 2659 628 2719 ubi
677 2678 836 2740 spes
879 2667 986 2719 est
1019 2680 1108 2719 ex
1141 2661 1637 2740 compositione
1672 2658 2344 2740 aliquid‘inveniendi
2380 2658 2466 2719 de
2499 2657 2802 2719 fontibus
2834 2656 2970 2721 Cic.

692 2924 878 3002 Cicfl)
928 2924 1167 2988 Catoni
1218 2948 1426 3000 more,
1477 2948 1611 3008 quo
1661 2929 2060 3008 saepissime
2118 2929 2185 2988 in
2244 2927 2428 2989 libris
2492 2926 2975 3008 philosophicis

515 3035 672 3077 usus
752 3024 883 3088 est,
976 3016 1572 3095 praefationem
1671 3019 2075 3098 praemittit,
2152 3019 2216 3077 in
2298 3037 2434 3097 qua
2510 3017 2818 3077 Atticum
2900 3027 2976 3078 ut

512 3107 578 3166 in
626 3104 914 3184 epistula
964 3105 1324 3185 alloquitur
1375 3126 1529 3166 usus
1579 3105 1802 3185 lepide
1864 3107 2169 3167 versibus
2217 3105 2414 3165 Ennii
2475 3102 2536 3189 (ξ
2591 3106 2667 3182 1),
2725 3106 2971 3166 deinde

515 3214 728 3275 quare
778 3196 839 3254 ei
887 3193 1129 3255 librum
1181 3195 1459 3255 dedicet
1507 3197 1795 3274 exponit
1841 3195 1899 3275 (ξ
1951 3198 2030 3272 2),
2080 3195 2374 3274 denique
2424 3214 2560 3275 qua
2598 3196 2683 3254 sit
2735 3215 2971 3256 usurus

513 3283 858 3356 methodO,
892 3283 1206 3363 explicat.
1298 3281 1376 3367 ἓξ
1418 3287 1454 3345 2
1505 3292 1574 3345 et
1625 3288 1660 3346 3
1710 3304 1850 3345 non
1895 3292 2309 3345 retractatas
2365 3303 2517 3344 esse
2575 3285 2707 3345 iam
2768 3303 2973 3364 supra

513 3372 618 3453 (cf.
662 3393 727 3454 p.
762 3375 820 3449 7)
871 3374 1309 3435 ostendimus,
1371 3373 1526 3435 Non
1572 3372 1742 3434 falso
1777 3374 2046 3434 videtur
2093 3372 2542 3453 Baumgart
2588 3372 2647 3447 (l.
2680 3392 2735 3434 0.
2767 3393 2831 3452 p.
2867 3374 2972 3451 25)

513 3462 794 3523 dixisse:
851 3463 978 3539 „Es
1018 3463 1137 3524 hat
1183 3464 1407 3524 sicher
1457 3466 1655 3524 einen
1696 3463 1987 3524 tieferen
2025 3459 2283 3536 Grund,
2331 3482 2529 3524 wenn
2566 3458 2700 3524 Cic.
2734 3465 2969 3526 seinen

512 3548 683 3613 Cato
734 3554 947 3612 maior
996 3553 1146 3612 dem
1199 3553 1475 3613 Atticus
1525 3553 1872 3614 widmete:
1934 3551 2031 3612 als
2076 3552 2284 3612 Dank
2329 3550 2439 3613 fiir
2484 3547 2674 3612 seine
2724 3551 2999 3613 Unter-.

511 3643 838 3719 stiitzung
874 3640 973 3700 als
1008 3640 1488 3702 Buchhandler
1526 3642 1648 3702 hat
1680 3662 1755 3702 er
1789 3643 1920 3702 ihm
1968 3642 2099 3701 den
2136 3637 2306 3702 Cato
2344 3643 2560 3702 maior
2591 3640 2964 3721 gestiftet.'·‘

511 3729 831 3791 Fortasse
881 3731 1131 3790 rectius
1172 3730 1455 3790 dixisset
1502 3730 1672 3791 illam
1726 3729 1933 3791 fuisse
1973 3749 2246 3791 causam
2283 3739 2561 3811 praeter
2592 3750 2868 3792 causam
2902 3734 2967 3790 in

513 3816 550 3901 ξ
588 3821 623 3878 2
674 3837 710 3878 a
748 3814 882 3880 Cic.
916 3820 1062 3898 ipso
1110 3818 1496 3880 indicatam.

673 3904 1158 3987 ‘Disputatio
1225 3909 1373 3987 ipsa
1440 3907 1728 3969 dilucide
1798 3909 2123 3986 disposita
2191 3916 2314 3968 est.
2404 3907 2479 3968 In
2549 3905 2627 3990 ἐξ
2674 3905 2835 3989 4114
2900 3910 2965 3968 in

512 3998 895 4058 universum
950 3996 1035 4056 de
1070 4005 1428 4058 senectute
1465 3997 1866 4078 disputatur,
1917 3995 2162 4056 deinde
2204 3996 2647 4077 dispositione
2694 3998 2758 4056 in
2812 3994 2848 4080 ξ
2885 3998 2964 4058 15

509 4087 809 4148 indicata
831 4093 1154 4168 quattuor
1174 4086 1711 4166 vituperationes
1732 4084 1960 4146 senilis
1983 4087 2229 4146 aetatis
2248 4084 2652 4159 refutantur,
2674 4086 2967 4167 denique

508 4175 948 4257 paragrapho
999 4176 1080 4236 85
1133 4183 1318 4236 totus
1367 4175 1678 4256 dialogus
1725 4174 2168 4236 concluditur.

693 4353 728 4419 ¹)
768 4353 922 4404 Idem
974 4351 1182 4403 iudicat
1235 4351 1328 4403 Fr.
1385 4351 1698 4403 Wilhelm
1756 4351 1924 4418 („Die
1962 4350 2168 4402 Schrift
2217 4351 2321 4402 des
2363 4351 2563 4403 Iuncus
2612 4352 2738 4424 περὶ
2788 4347 2966 4422 γήρως

509 4424 623 4475 und
661 4424 743 4474 ihr
769 4424 1084 4475 Verhffltnis
1121 4441 1186 4474 zu
1215 4422 1330 4476 Cic.
1359 4423 1498 4476 Cato
1525 4424 1768 4486 maior.“‚
1807 4438 2120 4491 programm
2157 4438 2235 4473 nr.
2272 4420 2376 4473 263
2419 4423 2553 4474 1911
2590 4439 2721 4474 vom
2756 4422 2964 4489 Konig·

511 4494 1154 4563 Wilhelm-Gymnasium
1195 4513 1261 4546 zu
1301 4495 1532 4546 Breslau
1571 4511 1622 4562 p.
1654 4495 1681 4545 1
1724 4495 1849 4546 adn.
1881 4494 1987 4560 11).

689 4567 730 4632 ²)
770 4566 830 4616 In
888 4567 1280 4618 sententiarum
1339 4583 1563 4618 conexu
1618 4566 1994 4634 perquirendo
2058 4566 2124 4617 R.
2168 4565 2423 4616 Heinze
2487 4566 2771 4631 complura
2834 4564 2963 4614 mihi

509 4637 901 4705 suppeditavit.
2835 4637 2840 4643 '
