3584 5475
1639 602 2083 660 -56-

559 849 564 857 ,
621 782 1079 842 verisillimum
1135 788 1257 841 e'st.
1355 777 1545 859 Quae
1596 799 1745 840 cum
1811 781 1905 840 ita
1952 781 2103 853 sint,
2169 798 2373 839 nemo
2425 780 2714 859 negabit
2773 782 2980 842 etiam
3032 784 3097 843 in

629 873 665 950 ξ
719 873 795 932 71
859 869 1082 951 (,‚quid
1133 878 1237 929 est
1285 906 1370 913 —
1421 869 1856 949 maturitas“),
1908 889 2042 948 qua
2090 870 2480 929 sententiae
2540 869 2615 949 ἐξ
2666 866 2874 949 67s68
2936 887 3100 932 con-

628 963 993 1035 tinuentur,
1052 958 1244 1039 plura
1292 980 1380 1018 ex
1428 956 1620 1018 fonte
1669 956 1964 1018 fluxisse.
2057 957 2429 1018 Praeterea
2481 958 2589 1018 hic
2639 960 2866 1019 insunt
2916 961 3098 1020 dnae
3180 970 3183 973 ’

627 1050 1113 1121 similitudines,
1165 1067 1443 1128 quarum
1509 1046 1719 1107 altera
1771 1050 1857 1107 ab
1919 1048 2275 1107 arboribus
2338 1048 2556 1126 petita
2620 1049 2750 1107 iam
2819 1050 2885 1108 in
2950 1050 2989 1128 ξ
3038 1053 3100 1121 5,

564 1201 567 1203 ,
631 1141 744 1199 ubi
776 1139 1148 1199 Aristonea
1199 1146 1492 1208 exstant,
1543 1136 1847 1196 adhibita
1882 1145 2004 1197 est.
2047 1136 2283 1196 Etiam
2323 1138 2385 1195 in
2439 1133 2517 1218 ἓξ
2557 1139 2653 1197 72.
2699 1140 2779 1197 74
2825 1136 3086 1198 fontem

627 1230 1042 1310 exscriptum
1097 1246 1250 1286 esse
1301 1236 1483 1305 puto,
1534 1245 1681 1285 cum
1731 1225 2099 1285 viderimus
2148 1223 2238 1306 (p.
2274 1227 2548 1305 29sqq.)
2597 1229 3092 1287 sententiarum

573 1312 577 1314 ⁵
632 1338 879 1378 nexum
934 1318 1020 1377 ab
1069 1316 1220 1395 §67
1273 1335 1424 1383 esse
1475 1316 1676 1375 hanc:
1725 1316 1955 1374 vitium
1992 1313 2089 1374 IV
2137 1316 2477 1374 senectuti
2516 1334 2889 1375 commune
2940 1336 3095 1376 esse

626 1426 782 1467 cum
851 1405 1314 1466 adulescentia
1385 1412 1594 1484 atque
1661 1423 1895 1463 senem
1970 1424 2051 1464 eo
2116 1403 2392 1464 meliore
2470 1424 2621 1463 esse
2690 1404 3095 1465 condicione

631 1515 830 1576 quam
885 1494 1424 1570 adulescentem,
1489 1493 1670 1574 quod
1737 1494 1865 1552 iam
1919 1494 2167 1553 vixerit
2232 1493 2295 1572 (ξ
2346 1493 2596 1573 67168),
2662 1494 2843 1572 quod
2911 1514 3096 1554 mors

627 1586 906 1645 senibus
956 1585 1176 1663 magis
1211 1583 1580 1643 secundum
1636 1591 1944 1641 naturam
1986 1583 2251 1642 accidat
2302 1580 2366 1661 (ξ
2404 1584 2513 1657 71;
2567 1602 2719 1642 nam
2774 1580 2852 1665 ἐξ
2886 1584 2987 1645 69.
3012 1586 3095 1642 70

559 1725 568 1733 .
630 1676 1132 1752 interrumpunt
1182 1672 1360 1732 hunc
1396 1691 1643 1731 nexum
1683 1670 2227 1753 sententiarum),
2276 1670 2460 1750 quod
2494 1691 2712 1731 senex
2759 1672 3089 1751 reliquum

629 1766 812 1823 vitae
864 1782 997 1822 non
1037 1761 1246 1822 'avide
1297 1769 1629 1840 appetere
1681 1761 1936 1820 debeat
1982 1759 2048 1841 (ᾗ
2086 1760 2212 1842 72),
2263 1759 2447 1839 quod
2479 1780 2727 1820 vsensus
2764 1762 3091 1821 moriendi

627 1855 773 1913 seni
827 1853 1035 1913 levior
1098 1853 1184 1910 sit
1247 1848 1309 1930 (ξ
1348 1852 1458 1914 74:
1509 1849 1593 1910 cf.
1629 1850 1664 1928 ἕ
1703 1848 1907 1911 72f1n.
1970 1850 2121 1929 §71
2177 1851 2415 1921 „vitam
2488 1849 2945 1910 adulescentis
2992 1852 3095 1910 vis

629 1940 931 2020 aufert“).
1008 1939 1380 2000 Praeterea
1430 1938 1704 2000 Hense
1757 1937 1820 2019 (l.
1855 1958 1909 1999 c.
1958 1958 2021 2018 p.
2042 1937 2217 2020 VXC)
2268 1938 2355 1998 ad
2392 1940 2607 1998 verba
2656 1940 2901 2011 „breve
2942 1940 3090 1999 reli-

630 2050 838 2109 quum
893 2032 1102 2090 vitae“
1152 2036 1342 2089 recte
1393 2028 1615 2089 attulit
1665 2028 1898 2088 Bionis
1948 2028 2199 2089 dictum
2254 2026 2594 2106 (Gnomol.
2630 2025 2783 2088 Vat.
2833 2049 2893 2089 n.
2938 2028 3093 2109 163)

635 2120 709 2197 „oe
743 2119 931 2187 αὐτός
970 2119 1087 2201 (sc.
1111 2117 1310 2199 Bion)
1351 2119 1472 2199 ἔφη
1511 2116 1580 2178 τὸ
1621 2124 1821 2198 γῆρας
1856 2117 2155 2197 λείψανον
2186 2122 2297 2178 τοῦ
2329 2117 2471 2197 βίου
2506 2110 2719 2179 εἶναιίι.
2776 2118 3090 2188 Accedit,

629 2209 814 2289 quod
867 2210 992 2268 iam
1053 2227 1254 2286 supra
1303 2207 1592 2267 vidimus
1643 2210 1724 2285 (p.
1763 2209 1958 2286 3lsq.
2006 2208 2113 2281 41)
2171 2205 2610 2285 paragrapho
2665 2209 2771 2278 73,
2830 2208 2894 2265 in
2956 2225 3088 2285 qua

629 2318 864 2359 versus
904 2295 1172 2358 Solonis
1208 2307 1278 2355 et
1319 2296 1511 2356 Ennii
1546 2316 1635 2355 ex
1664 2296 1863 2356 Tusc‚
1898 2295 2164 2375 Disput.
2197 2304 2620 2374 repetuntur,
2665 2297 3084 2355 enuntiatum

633 2387 931 2447 ultimum
971 2388 1008 2465 ἓ
1043 2388 1122 2446 72
1160 2386 1398 2445 iterum
1442 2384 1752 2445 illustrari
1796 2393 2004 2464 atque
2046 2387 2263 2444 minus
2298 2394 2474 2463 apte,
2518 2403 2717 2463 quam
2756 2386 3091 2463 prioribus

626 2477 856 2536 verbis
906 2476 1290 2554 eademque
1341 2474 1776 2553 paragrapho
1827 2475 2090 2543 secerni
2152 2474 2188 2553 ξ
2242 2474 2323 2533 74
2382 2493 2419 2532 a
2484 2474 2520 2552 ἐξ
2574 2475 2671 2546 72,
2730 2475 2793 2533 in
2846 2476 3091 2553 quibus

629 2565 872 2625 eadem
924 2566 1267 2624 sententia
1318 2565 1493 2623 inest
1542 2561 1732 2643 („iam
1786 2583 2027 2623 sensus
2078 2563 2408 2623 moriendi
2449 2570 2613 2623 ete.“
2666 2565 2825 2636 „iam
2873 2564 3091 2624 omnis

629 2654 1124 2733 conglutinatio
1175 2653 1384 2733 etc.“).
1480 2652 1696 2712 Etiam
1749 2651 2113 2712 similitudo
2175 2653 2364 2712 navis
2428 2661 2499 2711 et
2562 2651 2847 2712 aedificii
2901 2654 3088 2732 quasi

628 2746 867 2824 resipit
912 2744 1343 2815 Aristonem,
1401 2744 1588 2803 cuius
1651 2742 2029 2823 ὁμοιώματα
2090 2763 2127 2802 a
2188 2741 2528 2821 discipulis
2588 2743 2875 2802 collecta
2933 2751 3090 2802 sunt

629 2831 696 2912 (a
730 2832 1034 2914 Stobaeo
1076 2831 1394 2912 servata).
1461 2831 1774 2904 Accedit,
1811 2832 1991 2911 quod
2033 2833 2095 2890 in
2133 2830 2387 2891 Teletis
2430 2831 2597 2891 libro
2639 2831 2823 2910 „napi
2848 2837 3088 2912 φυγῆς“.

629 2920 718 3004 (p.
773 2923 934 2994 27,2
1006 2918 1327 3002 Hense)
1377 2919 1738 2980 similitudo
1821 2928 1890 2980 et
1957 2922 2147 2980 navis
2228 2930 2298 2979 et
2383 2918 2667 2983 aedificii
2735 2922 3088 2992 invenitur,

630 3011 758 3072 alio
821 3011 1092 3090 quidem
1167 3011 1369 3071 modo
1439 3009 1760 3070 adhibita.
1857 3009 2074 3070 Etiam
2145 3007 2414 3070 Seneca
2482 3011 2543 3069 in
2615 3029 2719 3089 ep.
2771 3012 2853 3070 58
2920 3010 3087 3089 §35

627 3101 765 3172 hac
824 3101 1379 3180 comparatione„
1421 3119 1576 3159 usus
1657 3108 1761 3159 est
1840 3100 1922 3159 ad
1998 3109 2283 3159 mortem
2358 3097 2884 3161 defendendam.
2994 3099 3090 3158 Ea

630 3210 922 3270 quoque,
975 3209 1150 3269 quae
1221 3189 1304 3248 de
1374 3187 1522 3260 fine„
1588 3190 1846 3268 optimo
1926 3191 2107 3248 senis
2176 3188 2517 3260 dicuntur,
2583 3187 2841 3248 fontem
2914 3186 3090 3249 Stoi-

628 3299 778 3339 cum
848 3276 981 3339 Cic.
1033 3279 1372 3358 praebere
1437 3279 1738 3356 potuisse
1808 3288 2097 3357 apparet
2160 3298 2248 3337 ex
2313 3276 2793 3356 Senecaeep.
2849 3280 2929 3337 26
2979 3278 3090 3356 §4

566 3384 573 3391 ·
629 3368 842 3448 ('„quis
892 3377 997 3427 est
1045 3369 1266 3427 exitus
1318 3365 1555 3426 melior
1603 3386 1805 3446 quarn
1860 3369 1921 3426 in
1969 3365 2187 3426 <finem
2240 3387 2431 3426 suuni
2487 3375 2729 3427 natura
2777 3366 3087 3427 solvente

629 3457 827 3517 dilabi
844 3456 952 3538 ?“).
3072 3531 3076 3535 q
3104 3471 3111 3478 ·

805 3546 882 3626 ἐξ
933 3548 1032 3606 69.
1086 3548 1165 3607 70
1233 3565 1270 3604 6
1331 3546 1438 3604 via
1494 3553 1687 3604 recta
1745 3547 2237 3604 sententiarum
2301 3545 2539 3624 egredi
2602 3546 2726 3604 iam
2783 3545 3088 3607 diximus,

626 3635 960 3695 Attamen
1011 3636 1075 3694 in
1124 3631 1280 3718 §⁴70
1321 3635 1472 3696 sine
1515 3633 1720 3694 dubio
1755 3634 2127 3693 Aristonea
2176 3635 2428 3695 insunt:
2476 3634 2820 3694 histrionis
2868 3633 3089 3694 simili-

627 3724 810 3796 tudo,
861 3743 994 3804 qua
1045 3724 1354 3785 doctrina
1395 3721 1628 3784 Stoica
1677 3722 2045 3783 illustratur
2092 3722 2205 3804 (cf.
2255 3721 2411 3784 Sen.
2463 3743 2566 3803 ep.
2619 3725 2697 3782 77
2758 3720 2796 3805 ξ
2849 3727 2960 3794 2Ο;
3024 3725 3085 3783 in

629 3811 826 3874 TuSC.
865 3812 1054 3892 Disp.
1103 3812 1138 3875 l.
1177 3813 1208 3872 I
1265 3813 1438 3892 §95
1500 3813 1607 3872 ubi
1660 3813 1901 3872 eadem
1954 3813 2265 3872 doctrina
2314 3811 2609 3885 affertur,
2660 3813 2857 3872 deest
2906 3831 3087 3874 coni-

626 3903 889 3981 paratio
975 3903 1315 3963 histrionis
1402 3901 1485 3962 cf.
1549 3922 1610 3981 p.
1674 3901 1813 3983 49),
1906 3903 2088 3962 vitae
2174 3921 2326 3961 cum
2420 3903 2575 3962 anni.
2664 3903 3087 3980 temporibus

627 3994 996 4053 contentio.
1092 3991 1291 4052 Hanc
1340 3992 1681 4051 Aristonis
1731 4010 1883 4050 esse
1936 3990 2038 4052 vel
2091 4011 2179 4050 ex
2228 3989 2359 4050 fine
2421 3992 2529 4070 §5
2590 3998 2661 4050 et
2720 3988 2874 4072 §71
2928 4009 3085 4050 con-

627 4080 1033 4141 cludendum
1089 4089 1195 4140 est
1244 4079 1354 4161 (cf.
1402 4080 1873 4140 Eratosthenis
1924 4081 2137 4140 verba
2186 4101 2225 4140 a
2275 4078 2580 4141 Stobaeo
2630 4088 2903 4140 servata
2956 4081 3081 4139 iam

625 4190 689 4248 p.
726 4173 801 4231 51
857 4169 1248 4251 exscripta).
1346 4167 1537 4246 Quae
1588 4188 1736 4229 cum
1792 4171 1885 4228 ita
1934 4171 2097 4242 sint,
2154 4170 2620 4248 quaerendum
2676 4181 2809 4241 est,
2859 4189 3085 4229 nonne

627 4255 760 4320 Cic.
809 4261 935 4319 iam
989 4261 1054 4320 in
1090 4259 1280 4319 fonte
1317 4259 1809 4338 digressionem
1857 4257 1935 4341 ἐξ
1962 4260 2062 4319 69.
2100 4262 2180 4319 70
2221 4260 2574 4319 invenerit.
2646 4256 3086 4318 Verisimilius

626 4358 730 4409 est
765 4369 916 4408 eum
969 4352 1183 4429 ipsum
1238 4349 1413 4409 hanc
1449 4349 1919 4427 egressionem
1970 4349 2147 4408 inter
2178 4351 2557 4408 sententias
2607 4347 2759 4430 §68
2812 4354 2882 4407 et
2930 4349 2965 4426 ξ
3005 4348 3081 4409 71

626 4440 950 4517 posuisse.
1022 4437 1194 4498 Nam
1240 4437 1700 4518 Arganthonii
1753 4436 2142 4516 exemplum
2195 4456 2328 4498 non
2381 4439 2444 4496 in
2474 4432 2689 4498 'fonte
2740 4438 3083 4496 exstitisse

623 4546 828 4606 supra
887 4527 1028 4587 aliis
1087 4529 1171 4588 de
1239 4529 1460 4589 causis
1526 4527 1847 4605 suspicati
1919 4546 2147 4586 sumus
2212 4525 2303 4607 (p.
2356 4527 2483 4608 37).
2576 4526 2949 4586 Praeterea
2998 4547 3086 4586 ex

624 4615 926 4694 pluribus
995 4616 1180 4689 lociS,
1246 4617 1353 4678 ubi
1419 4616 1572 4677 fons
1637 4635 1770 4675 non
1840 4616 2179 4682 adhibitus
2245 4625 2375 4686 est,
2443 4617 2729 4676 vidimus
2797 4613 3081 4676 Tullium
