3584 5475
1548 566 1994 624 —57-

537 739 847 801 consulto
894 743 1271 801 orationem
1313 761 1352 801 a
1386 751 1577 801 recta
1613 743 1724 801 via
1758 740 2142 814 deflexisse,
2187 750 2260 803 ut
2293 762 2550 803 morem
2589 743 3001 822 depingeret

537 830 816 890 senilem
898 838 1106 910 atque
1185 850 1391 909 supra
1462 850 1526 910 p.
1587 833 1666 891 29
1691 851 1790 911 sq.
1864 833 2305 911 exposuimus
2385 833 2765 892 sententias
2830 832 3000 912 §70

539 920 847 999 quamvis
882 918 1330 980 consolationi
1369 920 1454 979 de
1489 928 1850 980 senectute
1889 921 2243 980 institutae
2285 922 2716 992 conveniant,
2766 928 2997 981 tamen

537 1010 622 1068 ab
675 1016 1083 1088 argumento
1145 1011 1358 1089 partis
1406 1007 1504 1069 IV
1553 1011 1875 1070 aberrare
1926 1016 1998 1069 et
2046 1028 2195 1070 cum
2249 1011 2697 1089 sequentibus
2746 1006 2827 1093 ἓξ
2877 1030 3003 1090 per

539 1100 674 1158 vim
724 1117 1026 1159 conexas
1075 1117 1245 1159 esse.
1339 1097 1494 1159 Huc
1543 1098 1830 1170 accedit,
1879 1098 2066 1177 quod
2113 1100 2179 1159 in
2232 1098 2429 1159 Tusc.
2467 1099 2657 1178 Disp.
2691 1099 2727 1160 l.
2766 1099 2795 1159 Ι
2843 1096 2879 1182 ξ
2918 1102 2998 1160 93

537 1206 711 1247 voce
796 1189 1148 1267 „tempus“
1234 1188 1569 1249 adductus
1647 1189 1881 1268 pergit
1963 1188 2189 1267 „quod
2274 1188 2551 1249 tandem
2641 1191 2994 1268 tempus?“

537 1276 732 1336 simili
782 1276 983 1337 modo
1034 1287 1243 1357 atque
1293 1278 1402 1337 hic
1451 1276 1538 1337 ad
1587 1296 1829 1338 vocem
1882 1277 2066 1347 „diu“
2118 1279 2359 1338 asserit
2409 1278 2629 1357 „quod
2668 1285 2775 1337 est
2814 1277 2999 1338 diuP“

539 1376 611 1425 et
676 1366 1012 1427 ambobus
1092 1366 1192 1425 his
1271 1366 1433 1427 locis
1513 1366 1600 1425 de
1678 1368 2019 1427 brevitate
2098 1368 2282 1427 vitae
2363 1367 2603 1427 similia
2668 1366 2999 1427 dicuntur.

536 1453 855 1535 Denique
891 1456 1178 1516 vidimus
1227 1454 1314 1536 (p.
1349 1458 1431 1516 45
1447 1466 1576 1538 sq.)
1625 1452 1760 1517 Cic,
1793 1456 2087 1534 vestigia
2134 1457 2431 1516 auctoris
2464 1475 2599 1517 non
2636 1455 3001 1535 diligenter

539 1545 887 1623 pressisse,
945 1545 1012 1604 id
1064 1545 1249 1624 quod
1306 1543 1682 1605 luculenter
1730 1543 2173 1606 confirmatur
2233 1541 2310 1628 ἐξ
2363 1542 2565 1624 66174
2630 1544 2833 1605 modo
2884 1566 2997 1604 ex-

536 1632 845 1711 planatiS,
914 1635 1027 1695 ubi
1083 1653 1359 1713 semper
1407 1632 1713 1694 Tulliana
1777 1635 2213 1694 inveniuntur
2275 1632 2340 1715 (ἕ
2390 1636 2470 1697 67
2496 1632 2605 1695 fin.
2670 1635 2705 1714 ξ
2757 1636 2837 1695 68
2862 1635 2999 1694 init.

539 1723 576 1800 ἓ
611 1724 713 1783 69.
763 1720 801 1807 ξ
841 1726 917 1785 71
944 1721 1053 1784 fin.
1101 1721 1184 1783 cf.
1217 1742 1281 1803 p.
1315 1726 1543 1803 42sq.;
1595 1723 1631 1803 ξ
1668 1726 1766 1784 73.
1818 1723 1854 1803 ξ
1892 1725 1974 1785 74
1995 1721 2103 1785 fin.
2152 1724 2188 1804 ἓ
2226 1723 2354 1805 75).
2404 1762 2407 1765 <
2446 1722 2666 1783 Etiam
2710 1723 2746 1802 ἕ
2785 1724 2881 1794 76,
2931 1726 2995 1783 in

540 1830 674 1890 qua
723 1810 983 1873 fontem
1037 1814 1454 1892 exscriptum
1509 1832 1661 1873 esse
1710 1812 2073 1873 verisimile
2123 1822 2246 1886 est,
2295 1831 2450 1873 cum
2489 1814 2997 1885 verbis-„satie-

536 1908 747 1961 tatem
785 1903 969 1963 vitae
1004 1909 1276 1981 tempus
1314 1912 1648 1962 maturum
1696 1903 1931 1962 mortis
1970 1901 2251 1973 afferre*
2302 1898 2412 1984 (cf.
2446 1898 2483 1985 ξ
2520 1904 2558 1964 5
2609 1904 2997 1975 „maturitas

536 1992 983 2070 tempestiva“
1033 1991 1068 2070 ξ
1135 1993 1216 2051 33
1286 1993 1739 2069 ‚‚maturitas“;
1822 1990 1905 2052 cf.
1970 1992 2173 2051 etiam
2252 1989 2410 2052 Sen.
2476 1991 2561 2051 de
2637 1992 2823 2051 brev.
2885 1992 2997 2051 vit.

541 2077 670 2139 VH
723 2079 791 2160 9)
831 2082 1373 2141 contentionem
1431 2082 1689 2141 iuvenis
1744 2088 1815 2140 et
1865 2081 2047 2140 senis
2103 2080 2168 2139 in
2219 2077 2297 2163 ἐξ
2352 2076 2555 2161 67174
2622 2080 2993 2140 adhibitam

535 2187 925 2248 supponere
975 2168 1385 2249 'possumus‚·
1446 2168 1580 2229 fine
1647 2170 1821 2250 §74
1895 2178 1963 2230 et
2035 2168 2071 2253 ξ
2143 2170 2222 2229 75
2288 2190 2377 2229 ex
2457 2167 2655 2231 Tusc,
2732 2168 2997 2248 Disput.

535 2260 822 2338 sumptis
888 2258 999 2339 (cf.
1065 2278 1128 2339 p.
1177 2262 1280 2320 32.
1328 2258 1440 2339 41)
1508 2260 1889 2319 secernitur
1950 2278 1989 2319 a
2052 2260 2395 2319 sententia
2458 2259 2495 2339 ξ
2565 2260 2646 2318 74
2711 2260 2850 2319 init.
2906 2256 3000 2318 ex

535 2345 726 2408 fonte
775 2357 1066 2427 sumpta.
1167 2345 1382 2425 Quam
1437 2347 1893 2427 suspicionem
1955 2356 2214 2408 rectam
2279 2367 2430 2408 esse
2490 2348 2647 2407 inde
2706 2355 2994 2425 constat,

537 2437 723 2516 quod
769 2435 940 2499 Cato
1006 2438 1106 2497 his
1154 2439 1382 2498 verbis
1433 2435 1469 2520 ξ
1509 2438 1588 2499 76
1639 2437 1952 2497 abscedit
2000 2457 2039 2497 a
2086 2438 2429 2497 sententia
2475 2438 2541 2497 in
2591 2436 2744 2516 §38
2794 2436 2994 2497 allata

539 2524 645 2604 (cf.
678 2546 741 2605 p.
777 2528 900 2602 3‘2).

711 2614 1022 2676 Vidimus
1083 2636 1172 2677 ex
1227 2616 1304 2696 ἐξ
1348 2617 1548 2697 67β76
1609 2614 1804 2695 plura
1861 2615 1949 2675 ad
2006 2624 2353 2676 auctorem
2410 2610 2997 2677 Cic.'reducenda

535 2723 704 2776 esse,
756 2708 1064 2786 quamvis
1115 2705 1325 2767 multa
1373 2707 1459 2766 de
1508 2723 1628 2766 suo
1680 2704 2033 2765 addiderit.
2113 2703 2533 2786 Sequentem
2591 2703 2989 2785 particulam

536 2792 639 2874 (§§
676 2796 902 2877 77s84)
937 2797 1150 2876 partis
1185 2794 1300 2869 IV,
1337 2798 1397 2856 in
1435 2815 1570 2876 qua
1603 2796 1991 2855 sententiae
2026 2797 2283 2874 optime
2323 2797 2501 2856 inter
2538 2814 2612 2854 se
2648 2796 2995 2873 excipiunt

537 2883 646 2962 (cf.
690 2904 752 2964 p.
790 2887 922 2961 33),
991 2884 1278 2945 Tullium
1344 2905 1479 2944 non
1538 2905 1624 2944 ex
1683 2883 1876 2944 fonte
1934 2885 2303 2964 sumpsisse
2370 2895 2660 2964 apparet
2726 2903 2818 2943 ex
2883 2885 2996 2955 eis,

542 2991 719 3051 quae
754 2993 962 3054 supra
995 2973 1486 3053 disputavimus
1525 2973 1614 3054 (p.
1650 2975 1730 3034 39
1745 2976 1935 3053 sqq).
2010 2972 2293 3034 Nonnisi
2327 2971 2530 3034 finem
2569 2974 2604 3053 ξ
2638 2974 2739 3044 83,
2790 2993 2990 3052 quem

534 3062 666 3120 iam
703 3059 1023 3123 Gercke
1072 3062 1130 3140 (l.
1164 3081 1219 3122 c.
1262 3082 1326 3142 p.
1359 3063 1508 3138 209)
1559 3063 1646 3123 ad
1694 3062 1953 3122 fontem
2008 3063 2295 3144 reduxit,
2345 3083 2434 3122 ex
2483 3062 2651 3123 libro
2702 3063 2996 3122 auctoris
3096 3060 3099 3063 ’
3183 3121 3189 3128 ,

531 3148 807 3210 fluxisse
864 3151 1188 3231 suspicor,
1246 3170 1398 3212 cum
1460 3151 1823 3213 similitudo
1880 3153 2063 3212 vitae
2122 3171 2287 3212 cum·
2334 3171 2532 3213 cursu
2591 3153 2899 3212 instituta
2958 3171 2996 3211 a

537 3236 809 3318 Cynicis
859 3240 1163 3301 adhibita
1211 3241 1298 3301 sit
1346 3239 1458 3323 (cf.
1491 3240 1724 3301 Bionis
1765 3243 2020 3302 dictum
2056 3242 2237 3321 apud
2271 3239 2473 3321 Diog.
2505 3239 2729 3302 Laert.
2765 3238 2875 3313 VI,
2912 3243 2995 3302 34

532 3329 853 3390 traditum
889 3349 952 3409 p.
985 3332 1068 3391 46
1106 3331 1556 3410 exscriptum3
1598 3328 1929 3391 Varronis
1962 3339 2085 3392 sat.
2118 3329 2296 3390 Men.
2330 3329 2425 3410 fg.
2460 3331 2606 3402 288,
2643 3330 2787 3403 289,
2830 3328 2995 3390 Hor.

532 3426 656 3480 sat.
699 3418 745 3490 Ι,
794 3421 846 3492 1,
894 3420 1066 3501 114).
1145 3417 1280 3502 Sed
1327 3417 1460 3481 Cic,
1509 3418 1618 3480 illa
1667 3419 2098 3480 similitudine
2147 3421 2276 3479 iam
2332 3439 2488 3480 usus
2538 3428 2643 3480 est
2690 3421 2753 3479 in
2797 3418 2994 3479 Tusc.

533 3506 721 3588 Disp.
756 3509 793 3570 l.
823 3506 878 3583 I,
923 3507 959 3592 ξ
1003 3510 1098 3572 15.
1190 3509 1510 3589 Denique
1561 3508 1799 3569 Hense
1850 3509 1907 3584 (l.
1950 3528 2005 3569 c.
2048 3529 2110 3589 p.
2145 3505 2394 3591 CXVI)
2446 3508 2645 3570 affert
2696 3508 2783 3568 ad
2832 3506 2868 3591 ξ
2910 3510 2994 3569 84

533 3600 746 3658 verba
805 3618 929 3671 „ex
977 3601 1116 3659 vita
1164 3601 1256 3659 ita
1315 3600 1592 3660 discedo
1643 3605 1807 3660 ete.“
1846 3597 2097 3665 ,Bionis
2146 3597 2309 3678 (Tel.
2351 3596 2466 3659 rel.
2507 3618 2570 3678 p.
2617 3601 2711 3671 15,
2756 3599 2863 3675 11)
2924 3605 2995 3657 et

533 3684 844 3748 Senecae
895 3691 1026 3767 (ep.
1080 3690 1222 3759 120,
1267 3689 1303 3767 ἓ
1355 3689 1456 3763 14)
1507 3688 1708 3749 locos,
1793 3685 1934 3748 Sed
2003 3689 2147 3768 ipse
2214 3688 2375 3748 dicit
2438 3696 2643 3748 antea
2705 3686 2992 3747 Tullium

533 3775 663 3836 hoc
714 3777 861 3837 loco
912 3796 1204 3837 novasse
1253 3779 1661 3837 sententiam
1717 3775 1997 3837 illorum.
2090 3776 2224 3839 Cic.
2288 3779 2516 3838 verbis
2577 3786 2766 3837 certe
2828 3777 2993 3837 alius

531 3884 772 3926 sensus
827 3867 1068 3926 subest
1120 3874 1329 3946 atque
1378 3864 1610 3926 Bionis
1675 3873 1748 3924 et
1814 3865 2125 3927 Senecae
2186 3867 2379 3942 locis3
2439 3875 2805 3946 praeterea
2860 3867 2989 3926 iam

532 3955 598 4014 in
647 3953 846 4015 Tusc.
893 3953 1084 4035 Disp.
1119 3954 1154 4015 l.
1187 3954 1232 4014 1.
1285 3955 1436 4034 §51
1475 3973 1722 4033 corpus
1757 3974 1909 4014 cum
1958 3954 2212 4027 „aliena
2267 3956 2505 4016 domo“
2570 3957 2995 4034 comparavit

535 4051 607 4102 et
639 4045 701 4103 in
739 4041 776 4126 ξ
816 4045 936 4105 118
987 4044 1290 4104 eiusdem
1344 4042 1490 4103 libri
1539 4042 1800 4104 caelum
1857 4044 2169 4116 „domum
2222 4050 2559 4105 nostram“
2622 4045 2993 4105 nominavit

531 4131 975 4207 (cf..Hortem
1042 4132 1137 4212 fg.
1193 4136 1273 4194 97
1328 4132 1681 4210 Miiller).
1774 4132 2017 4213 Itaque
2087 4132 2327 4194 Hensii
2397 4136 2786 4214 opinionem
2856 4153 2988 4193 non

509 4241 799 4301 .sequon

536 4377 538 4379 ‚
706 4310 778 4371 In
818 4309 854 4394 ξ
889 4314 970 4371 85
1007 4309 1140 4380 Cic.
1179 4312 1651 4390 disputationis
1694 4309 1897 4371 finem
1942 4311 2109 4372 facit
2140 4311 2575 4373 similitudine
2620 4313 2991 4372 senectutis

535 4419 686 4460 cum
763 4399 1035 4461 fabulae
1107 4402 1502 4480 peractione
1577 4401 1913 4472 instituta,
2002 4419 2200 4480 quam
2278 4403 2343 4461 in
2424 4400 2718 4461 Tithono
2784 4400 2989 4461 fuisse

527 4489 1072 4550 verisimillimum
1149 4499 1254 4550 est
1325 4488 1429 4566 (cf.
1491 4509 1552 4568 p.
1604 4487 1736 4570 48).
1842 4487 2124 4550 Tischer
2197 4491 2260 4549 in
2341 4491 2639 4551 editione
2714 4488 2991 4551 Catonis

529 4580 754 4659 (1847)
789 4579 1072 4639 adnotat
1106 4579 1192 4640 ad
1226 4580 1439 4639 verba
1481 4579 1701 4651 „cuius
1736 4576 2304 4657 defatigationem
2345 4578 2590 4659 fugere
2627 4579 2989 4640 debemus“
