3584 5475
1473 598 1915 657 *55-

475 772 632 833 Phil.
679 773 898 853 suppl.
954 776 1050 846 18,
1103 775 1288 846 1891,
1347 792 1408 853 p.
1452 775 1618 849 300).
1719 772 2037 853 Denique
2098 772 2400 854 Gorgiae
2469 776 2649 835 dicto
2719 773 2777 858 (ξ
2822 775 2924 854 13)

469 860 766 924 Stoicam
805 864 1182 924 doctrinam
1214 882 1386 936 eam,
1421 881 1596 943 quae
1625 874 1730 922 est
1763 863 1847 921 de
1872 872 2093 922 morte
2116 863 2513 935 voluntaria,
2534 883 2925 943 supponere.

469 971 846 1031 possumuS,
892 971 1044 1013 cum
1099 952 1411 1031 legamus
1465 971 1624 1027 „cur
1672 961 1809 1012 tam
1865 953 1973 1012 diu
2026 951 2225 1012 vellet
2276 972 2426 1013 esse
2476 955 2541 1013 in
2589 955 2763 1014 vita“
2820 952 2925 1029 (cf.

468 1040 833 1101 Tischeri
890 1042 1161 1121 adnot.),
1227 1060 1638 1121 quamquam
1703 1038 1837 1102 Cio.
1898 1042 1997 1100 his
2058 1043 2283 1102 verbis
2344 1053 2631 1102 mortem
2693 1041 2924 1103 volun-

469 1132 704 1189 tariam
758 1130 1138 1191 ‚defendere
1189 1150 1321 1191 non
1375 1132 1437 1190 in
1481 1132 1704 1190 animo
1747 1130 2003 1190 habere
2042 1130 2276 1191 Moore
2324 1142 2512 1192 recte
2554 1131 2925 1193 adnotavit.

459 1218 566 1291 ‚Ex
627 1221 1018 1281 testimonio
1075 1218 1655 1280 Pseudo-Luciani
1707 1217 2035 1300 (macrob.
2078 1239 2133 1279 c.
2179 1218 2287 1301 23)
2348 1218 2644 1299 Gorgias
2702 1222 2926 1280 inedia

468 1310 589 1367 sibi
643 1317 931 1369 mortem
994 1310 1341 1369 conscivit.
1446 1307 1821 1388 Propterea
1878 1308 2067 1381 fonti,
2128 1310 2188 1368 in
2254 1328 2387 1388 quo
2448 1312 2509 1368 in
2560 1307 2598 1392 ξ
2648 1312 2729 1370 85
2790 1308 2923 1369 fine

469 1398 644 1457 hanc
695 1397 1070 1458 doctrinam
1135 1397 1400 1458 allatam
1456 1397 1661 1458 fuisse
1714 1408 1955 1478 postea
2014 1399 2507 1477 suspicabimur
2565 1400 2656 1478 (p.
2692 1399 2923 1479 57sq.),

469 1486 624 1546 illud
649 1486 1034 1566 exemplum
1063 1486 1355 1548 fortasse
1378 1488 1809 1549 tribuendum
1849 1499 1971 1547 est.
2039 1487 2352 1560 Accedit,
2376 1487 2561 1567 quod
2581 1484 2925 1547 Stobaeus

468 1574 638 1654 (flor.
675 1578 818 1647 118,
869 1578 949 1637 29
1003 1575 1203 1637 Mein.
1259 1576 1367 1653 ,,ἑκ
1413 1580 1540 1637 τῶν
1580 1576 2035 1655 Ἀριστοτέλους
2089 1581 2389 1658 χρειῶνόᾒ)
2451 1576 2656 1635 tradit
2720 1573 2923 1656 „Pop-

469 1666 603 1745 γίας
649 1665 686 1726 ὁ
733 1666 948 1746 ῥήτωρ
999 1666 1118 1746 ἤδη
1167 1666 1301 1727 λίαν
1349 1664 1609 1747 γηραιὸς
1655 1667 1750 1726 ὢν
1798 1664 2139 1746 ἐρωτηθεὶς
2190 1665 2311 1726 ὗπό
2366 1688 2552 1736 τινος,
2609 1666 2667 1727 εἷ
2719 1665 2927 1746 ἡδέως

467 1755 886 1836 ἀποθνῄσκοι,
938 1757 1174 1835 ἥκιστα,
1223 1754 1406 1826 εἶπεν,
1456 1755 1670 1833 ὥςπερ
1719 1754 1788 1816 δὲ
1839 1755 1909 1815 ἐκ
1959 1760 2208 1834 σαπροῦ
2263 1754 2371 1816 καὶ
2418 1755 2671 1834 ῥέοντος
2717 1778 2923 1816 συνοι-

466 1845 670 1906 κιδίου
719 1844 1011 1924 ἀσμένως
1057 1843 1582 1924 ἀπαλλάττομαιῆ
1687 1843 2008 1904 Fortasse
2080 1845 2207 1904 hoc
2276 1844 2525 1904 dictum
2597 1846 2660 1903 in
2732 1843 2921 1904 fonte

469 1933 610 2003 fuit,
659 1933 842 2013 quod
892 1930 1044 2003 Cic..
1095 1935 1208 2013 qui
1259 1943 1546 1994 mortem
1589 1933 2031 1994 voluntariam
2086 1952 2238 1994 cuin
2283 1932 2684 2013 Pythagora
2733 1941 2924 1993 vetat

471 2020 533 2104 (ξ
572 2022 696 2101 73),
747 2022 832 2082 ad
867 2042 1057 2082 suum
1098 2042 1285 2082 usum
1307 2024 1684 2083 convertit.
1747 2021 2120 2082 Praeterea
2154 2020 2439 2095 Seneca,
2484 2022 2925 2101 philosophus

469 2110 757 2183 StoicuS,
784 2113 998 2172 verba
1028 2112 1131 2184 ,ἐκ
1165 2118 1413 2191 σαπροῦ
1446 2111 1554 2174 καὶ
1585 2112 1841 2191 ῥέοντος
1874 2111 2258 2173 συνοικιδίου
2293 2111 2585 2191 ἀσμένως
2614 2110 2923 2173 ἀπαλλάτ-

467 2203 686 2281 τομαιἐι
741 2203 806 2260 in
857 2221 963 2280 ep.
999 2202 1080 2261 58
1129 2202 1168 2283 ξ
1209 2204 1290 2262 35
1350 2203 1579 2262 verbis
1649 2201 2043 2280 „prosiliam
2092 2221 2178 2259 ex
2240 2198 2548 2260 aedificio
2608 2202 2785 2279 putri
2844 2219 2924 2259 ac

469 2292 728 2350 ruenti“
786 2292 987 2351 vertit
1037 2288 1147 2362 (cf.
1191 2292 1395 2351 etiam
1467 2293 1529 2351 in
1583 2289 1839 2350 Teletis
1908 2290 2075 2350 libro
2150 2290 2327 2369 ,,περὶ
2392 2292 2637 2370 ‹prims-‘⁴
2714 2290 2923 2349 verba

469 2398 530 2457 p.
578 2381 680 2450 27,
716 2383 752 2439 2
805 2378 1129 2461 Hense).
1224 2379 1349 2438 His
1401 2401 1488 2439 ex
1537 2378 1870 2459 exemplis
1921 2398 2052 2439 non
2104 2381 2249 2439 sine
2299 2398 2507 2439 causa
2554 2378 2923 2439 concludas

468 2466 602 2529 Cic.
651 2470 1092 2547 exscripsisse
1144 2468 1379 2529 librum
1429 2466 1640 2530 Stoici
1694 2469 2062 2537 cuiusdam,
2104 2470 2215 2548 qui
2250 2467 2545 2528 Tithono
2585 2467 2923 2527 Aristonis

468 2556 610 2618 Chii
675 2577 829 2617 usus
889 2567 1011 2617 est.
1105 2558 1578 2618 Demonstrati
1637 2559 1906 2637 quidem
1973 2557 2144 2617 haec
2204 2560 2428 2637 opinio
2491 2577 2623 2617 non
2675 2565 2922 2636 potest.

473 2646 737 2706 Dixerit
787 2649 935 2727 quis
983 2646 1267 2707 Tullium
1324 2649 1538 2727 ipsum
1600 2647 1705 2707 illa
1770 2646 2088 2726 exempla
2157 2646 2515 2725 collegisse
2584 2658 2791 2725 atque
2856 2647 2921 2705 in

468 2737 741 2797 Tithoni
792 2757 1179 2797 sermonem
1233 2740 1609 2799 inseruisse.

648 2825 741 2887 Ut
787 2846 1124 2886 summam
1182 2825 1422 2887 faciam
1487 2847 1742 2898 eorum,
1802 2847 1978 2906 quae
2038 2829 2319 2907 exposui
2382 2827 2467 2886 de
2521 2827 2712 2888 sonte
2761 2825 2923 2889 Cie.:

467 2915 806 2976 Constat
855 2915 1134 2976 librum
1189 2936 1227 2975 a
1278 2913 1669 2976 Cicerone
1731 2918 2226 2994 exscriptum
2284 2938 2322 2976 a
2372 2916 2652 2977 Stoico
2713 2937 2925 2977 com-

467 3007 809 3084 positum
883 3025 1090 3075 esse;
1169 3007 1239 3064 in
1311 3025 1403 3064 eo
1471 3006 1617 3065 iam
1689 3005 1938 3064 fuisse
2009 3005 2358 3065 Bioneas
2432 3008 2923 3080 sententias3

467 3114 715 3172 quare
767 3096 837 3153 in
880 3093 1189 3154 Catone
1239 3096 1502 3154 inesse
1554 3093 1899 3154 frustula
1958 3115 2053 3153 ex
2103 3095 2519 3154 Aristonis
2568 3094 2922 3155 Tithono

466 3194 800 3262 sumpta.
894 3183 1063 3243 Non
1117 3193 1340 3243 certe
1391 3192 1740 3260 constat,
1791 3192 1870 3243 at
1912 3183 2348 3243 verisimile
2402 3192 2525 3243 est
2565 3183 2917 3244 Stoicum

469 3273 929 3333 Aristonem
994 3272 1244 3332 fuisse
1298 3281 1710 3333 auctorem
1765 3272 2123 3348 Tithoni3
2179 3269 2647 3332 Ciceronem
2705 3291 2924 3349 usum¹

467 3382 648 3421 esse
717 3381 866 3422 non
938 3361 1286 3422 Tithono
1353 3364 1596 3441 ipso,.
1628 3362 1768 3421 sed
1840 3361 2037 3421 libro
2107 3361 2363 3422 Stoici
2432 3361 2923 3441 philosophi,

466 3452 595 3529 qui
647 3452 1063 3510 Aristonis
1113 3451 1392 3510 librum
1447 3453 1861 3530 excripsit.

645 3538 1077 3619 Quamquam
1129 3541 1298 3600 liber
1347 3561 1385 3600 a
1425 3538 1558 3602 Cic.
1607 3541 1965 3610 adhibitus
2015 3542 2201 3600 cuius
2252 3541 2337 3600 de
2388 3548 2666 3600 auctore
2721 3540 2921 3600 modo

466 3629 974 3707 disputavimus
1043 3631 1167 3689 iam
1240 3649 1372 3689 non
1440 3639 1683 3702 exstat,
1748 3640 1976 3689 tamen
2030 3631 2258 3689 conari
2324 3649 2683 3708 possumus
2731 3629 2923 3708 plura

465 3717 818 3796 colligere,
887 3738 1064 3797 quae
1132 3717 1266 3780 Cic.
1335 3739 1418 3777 ex
1491 3718 1680 3779 fonte
1761 3719 1997 3778 hausit.
2111 3718 2405 3797 Expedit
2482 3715 2815 3797 proficisci
2886 3739 2923 3777 a

464 3817 697 3886 parte
755 3805 850 3867 IV
899 3805 1205 3878 Catonis,
1272 3809 1459 3868 cuius
1527 3809 1808 3886 primam
1882 3806 2280 3886 particulam
2347 3805 2446 3889 (ἓξ
2497 3805 2719 3889 66s76)
2786 3827 2918 3866 non

464 3916 741 3976 semper
791 3897 1156 3976 diligenter
1205 3898 1654 3976 compositam
1707 3916 1860 3954 esse
1911 3911 2113 3975 supra
2166 3897 2449 3955 vidimus
2498 3895 2589 3976 (p.
2626 3895 2707 3956 29
2726 3896 2923 3977 sqq.).

467 3985 903 4064 Perspicuum
956 3988 1131 4045 enim
1201 3997 1304 4045 est
1369 3983 1446 4067 ἓξ
1498 3988 1760 4065 67sqq.,
1825 3987 1938 4045 ubi
1996 3994 2316 4045 senectus
2366 4005 2517 4044 cum
2570 3986 2924 4045 iuventute

464 4085 917 4152 comparatur,
969 4094 1099 4134 non
1151 4084 1344 4135 recta
1392 4078 1499 4136 via
1547 4094 1697 4134 cum
1768 4073 1805 4156 ξ
1858 4077 1937 4136 66
1999 4085 2299 4134 exeunte
2350 4083 2417 4133 et
2475 4075 2512 4152 ἓ
2563 4076 2641 4134 67
2702 4075 2922 4153 primo

465 4166 817 4224 enuntiato
853 4163 1244 4236 cohaerere,
1296 4166 1405 4243 qui
1453 4164 1615 4224 levis
1641 4183 1970 4242 ⁴conexus
2004 4163 2109 4223 vel
2161 4184 2249 4222 ex
2287 4163 2618 4242 particula
2651 4182 2917 4241 „quam-

464 4260 703 4332 quam⁶⁶
754 4262 1062 4332 apparet.
1156 4251 1307 4330 Qua
1356 4273 1510 4313 cuin
1562 4254 2044 4312 observatione
2096 4253 2353 4332 optime
2404 4253 2773 4312 concinunt
2822 4272 2923 4324 ea,

465 4363 641 4420 quae
691 4362 898 4422 supra
956 4342 1321 4421 disputavi:
1384 4343 1598 4403 verba
1663 4361 1877 4421 „quae
1928 4351 2044 4401 aut
2093 4341 2295 4421 plane
2348 4339 2786 4420 neglegenda
2837 4377 2917 4384 —

463 4430 726 4491 futurus
793 4438 976 4490 sum“
1045 4427 1179 4491 Cic.
1247 4451 1396 4490 esse
1467 4451 1554 4490 ex
1621 4429 1784 4490 locis
1850 4430 2175 4490 similibus
2242 4429 2438 4490 Tus0.
2504 4429 2695 4508 Disp.
2762 4449 2921 4489 con-

462 4519 780 4580 clusimus
859 4519 950 4599 (p.
1001 4521 1112 4602 39)
1182 4529 1251 4579 et
1333 4523 1392 4579 in
1465 4517 1661 4601 §Ga
1728 4528 2235 4599 proptereaque
2316 4521 2518 4578 etiam
2602 4520 2664 4577 in
2735 4518 2922 4597 §62

465 4609 720 4668 fontem
788 4608 1087 4670 Stoicum
1163 4612 1380 4669 inesse
1451 4630 1536 4668 ex
1605 4611 1716 4678 eis
1786 4629 1961 4687 quae
2030 4628 2090 4687 p.
2132 4609 2234 4671 46.
2282 4611 2363 4667 50
2432 4608 2923 4686 disputavimus
