3584 5475
1617 571 2177 630 —28—.

616 767 770 808 cum
821 747 1258 809 antecedenti
1307 748 1344 828 ἓ
1394 746 1598 808 modo
1652 747 2187 827 explanavimus,
2250 766 2402 807 eam
2462 759 2751 826 partem,
2801 765 2935 827 qua
2984 747 3069 806 de

615 838 820 898 rebus
852 832 1120 897 rusticis
1153 838 1396 916 agitur,
1432 835 1776 897 concludit
1810 832 1943 897 Cic.
1978 844 2187 916 atque
2220 838 2331 909 ita,
2368 845 2441 895 ut
2473 838 2887 897 sententiam
2925 836 3067 916 §57

617 936 790 988 extr.
825 924 934 1006 (cf.
956 946 1020 1006 p.
1045 929 1149 1006 27)
1183 927 1425 986 iteruin
1465 934 1720 1006 augeat
1740 927 1971 987 verbis
1997 926 2117 997 „ad
2147 925 2452 985 ultimum
2476 934 2749 1006 tempus
2773 926 3069 998 aetatis“,

616 1016 1000 1095 eademque
1061 1016 1517 1095 paragraphO,
1581 1014 1899 1096 exemplo
1946 1013 2201 1075 Valerii
2250 1012 2540 1087 Corvini,
2602 1016 2715 1095 qui
2780 1025 2850 1074 et
2901 1016 3070 1075 ruris

617 1114 884 1165 amator
916 1113 1064 1165 erat
1105 1112 1175 1165 et
1210 1106 1617 1165 auctoritate
1651 1103 2022 1176 fruebatur,
2046 1105 2421 1165 orationem
2448 1106 2736 1165 transitu
2760 1103 3068 1165 consulto

616 1214 750 1255 non
795 1194 975 1255 clare
1011 1194 1306 1255 indicato
1349 1196 1688 1254 convertit
1726 1193 1808 1253 ad
1858 1204 2235 1254 extremam
2284 1195 2497 1274 partis
2528 1192 2635 1253 ΠΙ.
2670 1191 3065 1273 particulam

616 1280 720 1367 (ἐξ
758 1279 1003 1363 61164),
1055 1304 1190 1363 qua
1236 1283 1594 1363 praemia
1643 1284 2165 1344 auctoritatis
2212 1282 2589 1343 laudantur.

794 1371 1030 1434 Verba
1052 1392 1267 1452 „apex
1287 1381 1393 1432 est
1417 1381 1641 1433 autem
1666 1374 2041 1434 senectutis
2064 1373 2709 1433 auctoritas“statim
2738 1371 3070 1452 exemplis
3126 1442 3131 1447 ⁴

616 1461 1060 1539 illustrantur3
1110 1469 1249 1522 tum
1305 1463 1575 1522 demum
1631 1470 1945 1522 extremo
1997 1463 2351 1522 enuntiato
2401 1462 2552 1542 §61
2608 1462 2781 1523 haec
2830 1462 2867 1541 ἓ
2914 1481 3069 1522 cum

615 1560 1026 1631 argumento
1087 1552 1292 1611 totius
1348 1552 1560 1631 partis
1617 1550 1726 1614 111.
1783 1552 2167 1612 conectitur
2235 1550 2347 1633 (cf.
2390 1570 2454 1631 p.
2490 1552 2612 1627 22).
2706 1550 2857 1611 Hac
2905 1550 2942 1631 ξ
2986 1552 3066 1612 61

618 1642 986 1702 auctoritas
1035 1660 1162 1721 per
1208 1660 1283 1701 se
1333 1642 1478 1720 ipsa
1528 1640 1858 1714 laudatur,
1907 1640 2154 1700 deinde
2190 1637 2379 1713 Cato,
2412 1648 2776 1721 postquam
2815 1642 2880 1699 in
2916 1640 2951 1720 ἓ
2987 1642 3067 1701 62

619 1739 779 1810 apte
815 1732 1057 1790 asserit
1100 1729 1295 1790 simili
1339 1730 1540 1791 modo
1583 1738 1790 1810 atque
1833 1731 1897 1789 in
1934 1730 1970 1809 ξ
2007 1732 2085 1789 29
2126 1732 2341 1790 verba
2382 1730 2868 1803 „resistendum
2906 1736 3068 1789 ete.“

617 1839 751 1880 non
799 1820 922 1879 nisi
957 1839 1108 1879 eum
1146 1839 1404 1893 senem,
1450 1820 1563 1899 qui
1598 1821 1858 1880 iuvenis
1893 1821 2071 1897 bene
2106 1838 2179 1878 se
2215 1820 2527 1898 gesserit,
2576 1818 2682 1879 illa
2716 1817 3069 1899 voluptate
3150 1840 3153 1843 ⁴

614 1907 741 1969 frui
810 1928 1032 1988 posse,
1099 1908 1378 1969 senilem
1441 1910 1505 1968 in
1566 1908 1840 1969 modum
1910 1910 2117 1987 ipsiu-s
2176 1909 2554 1968 orationem
2619 1906 2931 1981 afferenS,
2983 1909 3068 1968 de

615 2000 934 2077 praemiis
985 1999 1408 2059 auctoritatis
1456 1998 1827 2059 honoribus
1875 1996 2265 2077 singillatim
2318 1999 2733 2057 enumeratis
2776 1997 3071 2077 loquitur

585 2082 677 2147 ⁴in
715 2087 752 2167 ξ
788 2090 868 2149 63
905 2096 1113 2167 atque
1148 2086 1385 2167 quales
1417 2088 1554 2148 sint
1587 2086 1933 2160 „fructus
1969 2087 2425 2148 auctoritatis“
2460 2084 2523 2170 (ξ
2549 2087 2631 2147 62
2664 2085 2775 2147 fin.
2806 2085 2889 2147 cf.
2925 2084 3068 2168 §63

617 2178 822 2250 „haec
890 2180 1068 2237 enim
1131 2185 1291 2236 sunt
1357 2176 1564 2258 etc.“),
1631 2176 1932 2255 explicat
1998 2185 2071 2236 et
2135 2175 2421 2236 illustrat
2476 2174 2807 2256 Lysandri
2870 2176 3069 2247 dicto,

617 2265 1119 2327 narratiuncula
1153 2264 1237 2325 de
1265 2264 1829 2327 Lacedaemoniis
1863 2266 2128 2336 tradita,
2160 2268 2348 2325 cuius
2383 2273 2695 2325 extrema
2727 2266 3089 2326 sententia⁴
3141 2338 3159 2347 ·

617 2357 835 2415 minus
870 2356 954 2416 ad
987 2356 1410 2435 propositum
1448 2354 1629 2429 facit,
1664 2356 2157 2415 consuetudine
2192 2354 2460 2433 collegii
2493 2374 2827 2434 augurum
2851 2352 2915 2434 (ξ
2939 2353 3070 2435 64).

614 2445 729 2505 Ad
764 2453 1147 2505 extremum
1184 2443 1606 2523 voluptatem
1644 2446 2067 2506 auctoritatis
2098 2444 2252 2523 *plus
2285 2444 2515 2504 valere
2539 2464 2740 2524 quam
2768 2445 3071 2523 corporis

614 2535 950 2614 repetitur
996 2529 1110 2615 (cf.
1158 2532 1460 2615 §filfixm
1519 2544 1728 2614 atque
1796 2533 2164 2594 illustratur
2221 2533 2650 2594 similitudine
2713 2534 3071 2605 histrioniS,

621 2643 757 2703 qua
805 2624 977 2684 haec
1025 2621 1358 2704 particula
1407 2631 1568 2704 apte
1617 2622 2059 2684 concluditur.

791 2712 866 2774 In
902 2712 1043 2794 §65
1078 2713 1505 2774 adversarius
1526 2712 1864 2776 inducitur
1886 2713 2190 2774 obiciens
2221 2721 2325 2785 „at
2346 2719 2505 2772 sunt
2526 2713 2773 2773 morosi
2798 2720 2868 2771 et
2891 2712 3072 2772 anxii

617 2811 688 2864 et
720 2803 1023 2864 iracundi
1058 2811 1128 2862 et
1163 2801 1469 2864 difficiles
1501 2809 1755 2863 senes“.
1822 2803 1960 2862 Iam
2000 2805 2064 2862 in
2102 2799 2137 2885 ξ
2171 2806 2204 2862 7
2241 2801 2562 2882 querelae
2597 2801 3064 2862 nonnullorum

616 2913 874 2971 senum,
933 2893 1046 2973 qui
1103 2891 1501 2973 „deplorare
1558 2891 1892 2962 solebant,
1952 2892 2136 2971 quod
2192 2898 2684 2971 spernerentur
2732 2892 2816 2951 ab
2870 2891 2982 2961 eiS,
3033 2911 3071 2950 a

619 2983 862 3062 quibus
922 2989 1157 3042 essent
1211 2981 1340 3042 coli
1395 2980 1609 3042 soliti“
1665 2980 1911 3041 allatae
1969 2989 2127 3040 sunt
2184 2988 2393 3060 atque
2442 2979 2785 3040 refutatae
2844 2980 3073 3040 verbis

574 3073 716 3145 .„in
777 3072 1078 3132 moribus
1135 3078 1241 3131 est
1298 3070 1512 3151 culpa,
1571 3090 1704 3131 non
1765 3072 1831 3131 in
1892 3077 2176 3143 aetate“,
2237 3089 2413 3148 quae
2470 3071 2535 3129 in
2587 3069 2715 3130 hac
2764 3069 2801 3149 ξ
2848 3089 3071 3148 paene

615 3170 1023 3240 repetuntur
1069 3162 1413 3221 sententia
1463 3161 1669 3234 „haec
1720 3178 1978 3221 morum
2034 3161 2195 3220 vitia
2244 3168 2417 3230 sunt,
2468 3178 2601 3219 non
2647 3160 3071 3219 senectutis“.

616 3250 842 3311 Recte
901 3252 1108 3330 igitur
1164 3249 1403 3310 Moore
1463 3249 1750 3310 adnotat
1808 3250 1981 3310 haec
2041 3251 2201 3309 vitia
2249 3246 2383 3310 Cic.
2433 3248 2540 3308 hic
2590 3248 2949 3320 addidisse,
3001 3255 3073 3307 ut

619 3341 862 3421 quibus
946 3359 1148 3399 senes
1227 3341 1702 3400 auctoritatem
1788 3339 1990 3399 modo
2076 3340 2355 3399 summis
2444 3337 2753 3397 laudibus
2821 3336 3064 3397 elatam

619 3431 952 3490 amittant.
1030 3423 1272 3507 Itaque
1321 3428 1763 3488 statuendum
1816 3437 1921 3488 est
1969 3424 2121 3509 §65
2174 3447 2310 3488 non
2360 3429 2457 3488 ita
2502 3435 2649 3486 arte
2684 3446 2832 3487 cum
2873 3445 3071 3505 argu-

618 3527 853 3580 mento
884 3519 1095 3598 partis
1123 3517 1231 3578 111.
1253 3518 1684 3578 coniunctam
1731 3537 1913 3594 esse3
1954 3517 2022 3576 id
2046 3517 2230 3596 quod
2251 3515 2542 3577 fortasse
2563 3516 2723 3576 inde
2747 3515 3071 3596 explicari

618 3615 864 3688 potest,
923 3606 1109 3687 quod
1165 3607 1338 3668 haec
1395 3625 1506 3667 res
1563 3609 1630 3667 in
1688 3606 1857 3667 libro
1909 3605 1993 3666 de
2042 3613 2401 3667 senectute
2452 3607 2708 3684 scripto
2758 3625 2878 3666 suo
2931 3607 3071 3664 iure

617 3697 1223 3758 commemoranda
1255 3691 1320 3756 in
1358 3694 1599 3757 nullam
1634 3694 1750 3757 IV.
1771 3697 2063 3775 partium
2098 3695 2295 3756 facile
2330 3697 2533 3755 inseri
2566 3696 2806 3774 potuit.
2869 3693 3070 3754 Unde

620 3787 850 3848 nescio
901 3805 986 3846 an
1035 3785 1330 3846 fructum
1381 3804 1633 3866 capere
1667 3787 2006 3866 possimus
2040 3785 2128 3845 ad
2160 3784 2554 3846 solvendam
2596 3785 3071 3864 quaestionem
3168 3807 3177 3818 ⁴

619 3896 790 3948 eam,
826 3895 1003 3956 quae
1039 3884 1146 3935 est
1178 3875 1263 3934 de
1299 3874 1602 3936 fontibus
1636 3895 1676 3935 a
1709 3871 1843 3936 Cic.
1879 3875 2217 3935 adhibitis,
2238 3911 2323 3918 —
2344 3871 2532 3934 Vitia
2564 3875 2650 3934 ab
2680 3873 3071 3934 adversario

619 3967 893 4027 obiecta
941 3967 1118 4046 apud
1170 3984 1374 4024 senes
1424 3966 1708 4025 inveniri
1757 3961 1927 4025 Cato
1977 3964 2313 4037 concedit,
2373 3971 2680 4023 attamen
2740 3981 3071 4023 excusare

621 4062 693 4115 et
741 4054 1086 4134 explicare
1137 4061 1425 4114 conatur
1473 4061 1680 4133 atque
1731 4053 2088 4114 contendit
2136 4073 2220 4113 ea
2269 4054 2496 4114 omnia
2544 4051 2880 4126 „dulciora
2928 4049 3074 4110 fieri
3174 4071 3181 4075 ·

619 4152 688 4204 et
737 4144 1038 4204 moribus
1089 4144 1284 4204 bonis
1333 4151 1406 4203 et
1452 4145 1744 4204 artibus“
1796 4141 1909 4225 (ad
1960 4142 2135 4203 hanc
2183 4161 2425 4203 vocem
2479 4140 2563 4202 cf.
2598 4142 2751 4202 adn.
2790 4140 3074 4201 Moorii

620 4233 706 4294 ad
755 4234 883 4314 §Q
909 4233 993 4314 2).
1091 4231 1244 4294 Hoc
1292 4231 1579 4293 illustrat
1620 4232 1971 4312 Adelphis,
2020 4231 2324 4292 Terentii
2372 4231 2746 4302 comoedia,
2796 4239 2869 4290 et
2915 4249 3073 4290 con-

619 4324 926 4383 tentione
976 4323 1157 4382 vitae
1209 4341 1356 4382 cum
1411 4323 1566 4382 vino
1609 4323 1935 4382 instituta.
2012 4320 2334 4401 Denique
2388 4321 2737 4381 avaritiam
2790 4318 3069 4380 senilem

619 4412 1219 4474 vehementissime
1279 4413 1621 4490 vituperat
1679 4418 1992 4471 extrema
2048 4411 2392 4471 sententia
2441 4409 2691 4470 lumine
2751 4410 3074 4469 orationis

473 4572 480 4580 ‚
571 4493 576 4499 ¹
622 4509 972 4562 exornata.
1065 4500 1324 4580 Negari
1385 4520 1518 4560 non
1583 4508 1815 4580 potest
1878 4500 1980 4560 his
2041 4501 2271 4560 verbis
2322 4508 2588 4580 partem
2640 4497 2748 4559 ΙΙΙ.
2797 4517 2932 4558 non
2982 4499 3075 4557 ita

622 4600 782 4671 apte
833 4589 1163 4663 concludi,
1215 4597 1288 4649 ut
1334 4591 1598 4671 priores
1660 4598 1930 4669 partes:
1982 4590 2207 4649 denuo
2273 4589 2582 4650 videmus
2633 4585 2671 4670 ξ
2726 4589 2809 4650 65
2862 4595 2933 4646 et
2992 4589 3072 4648 66
