3584 5475
1511 560 1953 619 -51-

498 733 819 813 γενόμενοι
867 733 1134 813 ἐφίενται
1181 733 1375 815 αὐτὴν
1407 734 1771 815 ἕκθρέψαι“.
1852 736 2068 796 Etiam
2114 740 2461 798 sententia
2493 738 2529 817 ξ
2565 740 2648 799 38
2683 735 2963 809 Catonis

497 820 628 901 „Ut
649 823 828 883 enim
853 822 1386 897 adulescentem,
1407 825 1472 883 in
1498 842 1631 904 quo
1657 832 1762 884 est
1784 824 1995 886 senile
2020 825 2267 905 aliquid
2294 863 2343 869 —
2363 828 2619 907 probo“
2642 830 2963 908 congruit

497 930 646 971 cum
699 912 930 972 verbis
978 931 1017 972 a
1050 909 1322 973 Seneca
1368 912 1634 973 traditis
1673 911 1797 994 (fg,
1832 916 2050 995 388),
2054 915 2353 986 ,Ariston
2390 916 2622 977 aiebat
2658 917 2852 977 malle
2886 937 2960 977 se

498 999 1007 1061 adulescentem
1089 1003 1354 1062 tristem
1433 1021 1636 1081 quam
1714 1001 1993 1063 hilarem
2075 1012 2146 1064 et
2220 1003 2581 1065 amabilem
2662 1009 2958 1067 turbae‘&

495 1080 815 1169 Denique
875 1088 1200 1151 afferatur
1246 1090 1792 1165 Eratosthenem,
1862 1093 1977 1173 qui
2034 1090 2173 1153 Chii
2243 1093 2625 1175 philosophi
2692 1096 2961 1156 auditor

496 1176 639 1251 fuit,
686 1178 992 1239 similiter
1039 1187 1249 1259 atque
1285 1177 1683 1242 Ciceronem
1734 1182 1801 1241 in
1852 1178 2006 1264 §71
2061 1191 2330 1244 aetates
2379 1184 2723 1244 hominum
2778 1204 2959 1245 com-

496 1285 740 1346 parare
789 1287 938 1329 cum
993 1270 1153 1329 anni
1199 1271 1630 1350 temporibus
1678 1270 1742 1329 in
1793 1269 2191 1350 fragmento
2242 1292 2282 1332 a
2330 1270 2634 1333 Stobaeo
2684 1285 2957 1334 servato

495 1354 664 1437 (flor.
702 1358 848 1429 116,
884 1358 969 1420 43
1004 1356 1248 1434 Mein.).

678 1446 1008 1507 Attamen
1070 1446 1137 1507 hi
1195 1446 1325 1510 loci
1372 1450 1752 1528 comparati
1801 1468 1936 1509 non
1997 1450 2091 1509 ita
2141 1450 2318 1509 inter
2366 1470 2439 1510 se
2488 1451 2738 1511 similes
2786 1461 2960 1525 sunt,

498 1543 570 1594 ut
618 1536 1042 1596 contendere
1093 1535 1378 1596 audeam
1431 1545 1692 1597 certum
1749 1556 1903 1597 esse
1946 1537 2310 1599 Tithonum
2366 1541 2715 1619 scripsisse
2748 1540 2959 1620 philo-

495 1625 782 1703 sophum
846 1622 1172 1686 Stoicum.
1272 1623 1641 1686 Praeterea
1709 1646 1864 1687 cum
1935 1629 2337 1701 nesciamuS,
2404 1648 2559 1688 num
2622 1626 2759 1690 Cic.
2816 1631 2960 1709 ipse

495 1711 861 1774 Tithonum
900 1714 1301 1788 adhibuerit,
1337 1715 1584 1775 dixerit
1619 1718 1768 1797 quis
1805 1717 1947 1776 iure
1984 1716 2228 1777 eodem
2266 1726 2615 1778 auctorem
2654 1716 2956 1779 Stoicum

496 1803 838 1882 quendam
900 1801 1070 1863 libro
1121 1802 1462 1864 Aristonis
1519 1800 1654 1878 Cei,
1714 1806 1827 1885 qui
1885 1805 2063 1865 idem
2117 1804 2347 1866 Bionis
2404 1805 2689 1888 ζηλωτής
2739 1806 2961 1881 suerit,

495 1911 630 1952 non
681 1893 828 1952 sine
879 1891 1105 1973 aliqua
1151 1893 1456 1954 irrisione
1515 1892 1622 1973 (cf.
1657 1894 1692 1973 ἕ
1728 1896 1764 1955 3
1802 1891 2106 1976 Catonis)
2165 1914 2355 1955 usum
2408 1896 2517 1968 ita,
2572 1904 2643 1955 ut
2693 1894 2961 1958 Stoicas

495 1980 842 2042 doctrinas
891 1981 1212 2055 adiceret,
1261 2001 1301 2041 a
1349 1978 1485 2043 Cic.
1535 1984 1948 2062 exscriptum
2014 2002 2167 2049 esse
2224 1982 2337 2065 (cf.
2371 2003 2549 2064 quae
2602 1983 2962 2076 Giesecke‚

495 2071 609 2148 qui
641 2066 878 2131 Chium
927 2069 1403 2151 philosophum
1437 2070 1805 2133 Tithonum
1847 2074 2311 2152 composuisse
2350 2074 2477 2134 sibi
2513 2076 2946 2154 persuaserit,

495 2158 798 2239 disputat
846 2158 880 2219 l.
916 2180 971 2221 c.
1011 2179 1074 2240 p.
1110 2156 1283 2243 209).
1375 2159 1586 2221 Porro
1638 2158 1829 2221 afferi
1877 2169 2110 2241 potest
2158 2181 2282 2241 pro
2332 2162 2659 2223 Aristone
2697 2161 2838 2225 Ceo
2890 2172 2961 2224 et

494 2247 1048 2328 Theophrastum
1108 2258 1181 2309 et
1236 2248 1663 2310 Demetrium
1727 2248 2127 2311 Phalereum
2189 2250 2683 2331 Peripateticos
2747 2253 2957 2332 philo-

493 2338 748 2417 sophos
815 2337 990 2418 „aspi
1041 2338 1288 2419 γήρως“
1356 2340 1709 2418 scripsisse
1778 2338 1884 2417 (cf.
1927 2359 2132 2419 supra
2179 2360 2241 2419 p.
2284 2342 2411 2419 46).
2502 2339 2824 2421 Denique
2891 2344 2956 2403 in

491 2424 832 2487 Plutarchi
883 2427 1137 2507 scripto
1189 2428 1278 2501 ,,ει’
1317 2429 1726 2509 πρεσβυτέρῳ
1771 2429 2210 2501 πολιτευτέον“,
2264 2429 2445 2508 quod
2495 2427 2958 2509 Peripatetica

493 2516 886 2596 continetl),
953 2516 1337 2596 complures
1403 2519 1788 2577 sententiae
1857 2519 2291 2578 inveniuntur
2356 2518 2605 2579 similes
2678 2516 2957 2581 Catonis

495 2606 784 2666 maioris,

955 2692 1214 2758 Cicero,
1506 2685 1512 2691 ’
1720 2692 1727 2817 Ι
2153 2694 2573 2758 Plutarchus

627 2801 664 2881 ξ
712 2804 797 2862 44
854 2805 1218 2881 (senectus)
1283 2803 1668 2884 voluptates
1914 2823 1969 2864 c.
2004 2805 2061 2877 5,
2109 2823 2172 2883 p.
2210 2804 2433 2878 768A,
2493 2804 2563 2866 τὸ
2601 2809 2789 2885 σῶμα
2828 2811 2957 2867 τῶν

495 2889 708 2950 nullas
757 2911 1010 2971 magno
1053 2911 1264 2972 opere
1307 2893 1668 2954 desiderat.
1779 2892 2093 2973 γερόντων
2156 2893 2458 2975 ἀπείρηκε
2527 2893 2690 2974 πρὸς
2748 2895 2957 2963 πάσας

1775 2981 1939 3062 πλὴν
1986 2981 2216 3063 ὀλίγων
2260 2987 2389 3045 τῶν
2430 2982 2796 3063 ἀναγκαίων
2846 2983 2955 3053 τάς

628 3065 664 3152 ξ
723 3072 804 3131 47
869 3067 1226 3149 Sophoclis
1287 3071 1559 3142 dictum,
1628 3091 1666 3131 a
1777 3070 2027 3151 ἡδονάς.
2076 3071 2183 3133 καὶ
2226 3072 2345 3151 οὐχ
2386 3071 2789 3152 ἠἋφροὸίτη
2828 3079 2955 3141 τοῖς

492 3156 857 3220 Plutarcho
880 3161 946 3218 in
966 3157 1659 3238 e.8,p.788Eallatum
1776 3161 2064 3240 γέρουσιν
2118 3159 2379 3241 ἄχθεται
2422 3159 2624 3240 μόνον
2666 3197 2748 3204 -
2798 3161 2950 3222 ἀλλὰ

494 3246 622 3308 alio
660 3247 881 3308 modo.
1774 3247 1882 3310 καὶ
1946 3247 2055 3318 τὰς
2117 3248 2259 3329 περὶ
2312 3249 2495 3311 πόσιν
2550 3249 2656 3310 καὶ
2710 3250 2953 3330 βρῶσιν

627 3336 663 3415 ξ
697 3338 800 3409 45,
822 3340 863 3397 4
895 3336 1225 3416 epulabar
1257 3373 1344 3381 -—
1381 3338 1664 3399 modice.
1775 3337 2113 3418 ἐπιθυμίας
2216 3338 2764 3420 ἀπημβλυμμένας
2865 3354 2951 3384 -’

1773 3427 2137 3508 κατέχοντες
2172 3426 2353 3508 μόλις
2398 3464 2485 3471 -
2522 3428 2948 3509 χαράττουσιν·

1774 3516 1841 3578 ἕν
1899 3516 1966 3578 δὲ
2023 3522 2095 3598 τῇ
2160 3523 2338 3598 φυχῇ
2400 3519 2951 3596 παρασκευαστέον
3016 3538 3023 3548 ·

1774 3604 2009 3686 ἡδονὰς
2056 3606 2174 3687 οὐχ
2239 3605 2511 3686 ἀγεννεῖς
2564 3643 2643 3650 -
2688 3605 2815 3668 ἀλλ’
2862 3643 2987 3652 —·

1774 3693 1994 3775 ἡλίκας
2050 3695 2115 3756 αἳ
2158 3694 2369 3773 ἀρεταὶ
2423 3701 2550 3763 τοῖς
2596 3697 2950 3775 χρωμένοις

628 3780 711 3844 cf.
762 3779 799 3865 ξ
853 3784 935 3842 59
998 3785 1419 3844 conscientia
1483 3785 1663 3844 bene
1774 3781 1902 3844 ἀπὸ
1978 3787 2106 3844 τῶν
2190 3783 2409 3844 καλῶν
2502 3781 2800 3862 πράξεων
2864 3821 2946 3828 -

493 3879 690 3931 actae
745 3872 940 3932 vitae.
1003 3870 1088 3932 cf.
1121 3872 1158 3952 ξ
1197 3874 1296 3933 71.
1771 3872 2377 3952 παρασκευάζουσιν.

627 3975 761 4060 §22
786 3979 1664 4058 manentingeniasenibuS,
1909 3997 1963 4038 c.
1986 3981 2043 4051 8,
2078 3998 2141 4059 p.
2166 3979 2290 4039 788
2305 3977 2381 4040 Β.
2433 3978 2585 4041 οὐδὲ
2613 3979 2651 4060 ἡ
2680 3980 2806 4051 ἕξις
2834 3986 2946 4042 τοῦ

492 4067 696 4126 modo
745 4075 1199 4146 permaneant
1249 4067 1544 4129 studium
1594 4076 1666 4127 et
1773 4073 2031 4148 φρονεῖν
2106 4068 2349 4148 ὁμοίως
2410 4069 2758 4149 παραμένει
2821 4075 2947 4137 τοῖς

493 4155 838 4218 industria.
901 4155 984 4217 cf.
1019 4156 1055 4236 ξ
1087 4158 1192 4219 36.
1770 4156 2051 4237 μεθεῖσιν
2099 4155 2344 4227 αὖτοὺς,
2395 4155 2524 4218 ἀλλ’
2569 4155 2675 4218 ὑπ’
2725 4157 2947 4238 ἀργίας

1773 4245 2131 4326 ἐξανιεμένη
2215 4282 2295 4288 -
2377 4245 2474 4307 ἀεί
2549 4268 2681 4307 τινα
2756 4246 2952 4308 ποθεῖ

1661 4353 1666 4356 ·
1772 4334 2111 4414 φροντίδος
2155 4334 2430 4415 μελέτην.
2468 4371 2553 4378 -

671 4509 711 4575 ¹)
739 4510 1041 4561 Auctorem
1068 4509 1235 4561 fontis
1261 4509 1378 4600 libri
1404 4510 1719 4562 Plutarchei
1739 4509 2233 4577 Peripateticorum
2260 4510 2509 4562 scholam
2536 4516 2791 4562 secutum
2811 4526 2942 4563 esse

489 4579 544 4629 in
583 4595 824 4632 excursu
861 4582 1116 4632 ostende.

2553 4686 2619 4738 4*
