3584 5475
1490 620 1612 627 ,-
1711 586 1969 647 25..-

521 781 670 823 cum
718 771 948 824 aetate
991 769 1364 835 crescunt“,
1413 764 1605 823 huius
1643 762 2019 842 particulae
2058 760 2123 845 (§
2154 762 2385 844 49sq.)
2434 781 2766 822 summam
2820 771 2981 842 apte

521 850 686 913 fecit
725 860 933 932 atque
976 852 1157 913 dicto
1198 850 1307 913 illo
1349 850 1616 915 Solonis
1654 853 1896 913 iterum
1940 851 2141 913 allato
2158 851 2211 934 ¹)
2251 851 2606 912 illustravit
2643 850 2757 932 (cf.
2789 847 2826 934 ξ
2860 852 2981 929 26),

522 942 774 1020 repetit
819 942 1188 1002 sententia:
1242 961 1417 1022 „qua
1465 939 1818 1021 voluptate
1868 942 2071 1002 animi
2120 940 2296 1002 nulla
2342 948 2531 1001 certe
2564 948 2797 1020 potest
2830 960 2980 1001 esse

524 1031 776 1091 maior“
821 1031 933 1103 ita,
983 1039 1056 1091 ut
1097 1030 1206 1091 illa
1247 1032 1461 1091 verba
1495 1039 1752 1109 augeat
1784 1029 1891 1109 (cf.
1924 1050 1987 1110 p.
2023 1030 2152 1111 23).
2246 1026 2381 1093 Cic.
2414 1050 2571 1090 suas
2602 1032 2982 1090 sententias

521 1120 586 1179 in
635 1118 966 1181 Catonem
1031 1118 1301 1180 deferre
1359 1128 1603 1181 contra
1660 1117 1861 1183 fidem
1914 1121 2219 1181 veritatis
2269 1128 2558 1199 apparet
2606 1119 2983 1180 luculenter

524 1228 614 1268 ex
661 1210 888 1270 verbis
937 1210 973 1289 ξ
1005 1212 1090 1271 49
1135 1210 1226 1283 „si
1263 1209 1476 1270 habet
1509 1207 1783 1288 aliquod
1818 1217 2170 1290 tamquam
2202 1209 2521 1288 pabulum
2560 1209 2737 1269 studi
2772 1217 2981 1289 atque

523 1297 893 1369 doctrinae,
942 1298 1099 1359 nihil
1144 1306 1252 1359 est
1293 1300 1510 1360 otiosa
1551 1306 1911 1359 senectute
1948 1299 2335 1359 iucundius“
2378 1297 2489 1378 (cf.
2523 1296 2657 1359 Cic.
2695 1317 2801 1378 ep.
2838 1299 2981 1358 Att.

519 1385 616 1447 IV
669 1390 768 1461 10,
807 1389 837 1448 1
891 1408 932 1448 a
979 1386 1285 1449 Moorio
1336 1386 1656 1469 allatam).
1747 1386 1994 1467 Neque
2036 1408 2199 1448 vero
2234 1387 2614 1467 neglegere
2649 1388 2981 1448 debemus

523 1474 856 1538 Catonem
915 1478 977 1537 in
1039 1478 1141 1537 his
1199 1473 1280 1561 ἓξ
1340 1497 1474 1537 non
1533 1478 1741 1557 ipsius
1802 1476 2190 1556 exemplum
2244 1475 2506 1550 afferre,
2565 1495 2979 1556 quamquam

523 1565 664 1626 aliis
698 1566 860 1627 locis
893 1564 958 1647 (ξ
982 1568 1082 1628 26.
1117 1568 1199 1627 38
1223 1566 1426 1649 med.)
1459 1567 1668 1647 ipsius
1701 1568 1995 1627 studium
2032 1564 2375 1626 literarum
2400 1568 2980 1627 commemoravit.

701 1654 951 1716 Verbis
1008 1655 1044 1735 ἓ
1095 1657 1178 1717 50
1243 1664 1490 1736 „atque
1544 1655 1716 1717 haec
1766 1657 2039 1735 quidem
2091 1656 2314 1716 studia
2364 1656 2756 1716 doctrinae“
2812 1652 2979 1715 Cato

522 1745 651 1805 iam
687 1745 1067 1824 posteriora
1099 1744 1372 1817 indicat,
1408 1746 1651 1825 quibus
1685 1746 2034 1806 studium
2067 1746 2286 1806 vitae
2316 1746 2672 1805 rusticae
2702 1746 2982 1806 summis

521 1832 722 1894 effert
769 1833 1078 1895 laudibus
1129 1833 1232 1915 (ἐξ
1283 1835 1524 1917 51160).
1618 1832 2077 1917 Liitjohann
2114 1835 2481 1895 arbitratur
2513 1835 2879 1914 praecipue
2915 1835 2979 1893 in

521 1922 650 1983 hac
697 1932 895 2002 parte
930 1920 1208 1985 Catonis
1241 1922 1375 1985 Cic.
1409 1924 1786 1985 incredibili
1835 1944 1985 1985 cum
2031 1924 2480 2004 neglegentia
2512 1922 2705 2003 plura
2737 1933 2982 2003 postea

522 2012 984 2073 inculcavisse.
1077 2011 1398 2075 Profecto
1454 2015 1709 2093 negari
1777 2033 1911 2074 non
1980 2022 2215 2094 potest
2279 2014 2345 2073 in
2414 2014 2515 2073 his
2576 2009 2655 2095 ἓξ
2711 2011 2979 2092 singula

526 2101 864 2162 uberrime
923 2104 1242 2176 enarrari,
1291 2102 1612 2163 nonnulla
1661 2102 1870 2175 afferi,
1928 2122 2106 2182 quae
2165 2122 2204 2162 a
2252 2103 2745 2163 sententiarum
2800 2122 2980 2163 nexu

522 2192 844 2251 aberrare
877 2192 1212 2254 videntur.
1304 2189 1446 2253 Sed
1495 2192 1735 2253 eadem
1784 2194 1913 2252 iam
1961 2194 2023 2251 in
2076 2193 2413 2271 prioribus
2463 2193 2659 2252 nobis
2709 2191 2977 2252 obviam

521 2298 593 2339 se
627 2280 944 2355 tulerunt,
979 2288 1051 2341 et
1081 2283 1289 2361 siquis
1324 2281 1507 2342 dicat
1540 2281 1649 2342 illa
1679 2284 1843 2343 vitia
1876 2301 1915 2341 a
1944 2279 2457 2361 Liitjohanno
2492 2283 2879 2360 vituperata
2916 2282 2975 2340 in

521 2369 650 2431 hac
697 2379 894 2450 parte
944 2372 1217 2450 saepius
1249 2372 1550 2442 inveniri,
1603 2389 1806 2451 quam
1846 2380 1919 2431 ut
1959 2370 2065 2432 illo
2104 2371 2305 2431 modo
2341 2372 2653 2431 excusari
2701 2372 2981 2449 possint,

521 2478 679 2519 num
729 2467 930 2539 putat
975 2461 1119 2520 sine
1172 2459 1300 2520 ulla
1349 2479 1556 2521 causa
1590 2458 1725 2522 Cic.
1765 2459 2041 2520 finxisse
2076 2456 2408 2521 Catonem
2462 2459 2856 2539 loquentem
2912 2468 2981 2519 et

519 2548 583 2608 in
619 2546 658 2631 ξ
693 2552 774 2610 55
816 2568 1127 2629 „possum
1165 2551 1488 2630 persequi
1528 2585 1602 2593 —
1640 2549 2029 2611 vindicare“
2083 2558 2155 2609 et
2199 2551 2265 2609 in
2314 2548 2353 2632 ξ
2387 2552 2465 2609 51
2510 2549 2796 2629 „quibus
2845 2567 2979 2628 ego

518 2638 1004 2699 incredibiliter
1065 2638 1410 2699 delector“
1481 2646 1552 2699 et
1618 2641 1683 2699 in
1745 2640 1781 2719 ξ
1832 2642 1914 2699 52
1987 2640 2254 2715 „satiari
2323 2638 2780 2699 delectatione
2844 2657 2978 2698 non

520 2748 816 2809 possum,
853 2737 924 2789 ut
958 2749 1153 2789 meae
1189 2730 1564 2790 senectutis
1594 2729 1974 2810 requietem
2014 2730 2349 2789 noscatis“
2391 2737 2461 2788 et
2492 2730 2557 2788 in
2594 2725 2631 2811 ξ
2668 2730 2749 2788 56
2787 2747 2982 2805 „mea

523 2818 795 2897 quidem
829 2820 1177 2879 sententia
1209 2817 1390 2878 haud
1421 2821 1561 2880 scio
1587 2839 1670 2879 an
1696 2818 1876 2879 nulla
1910 2820 2176 2879 beatior
2208 2820 2425 2899 possit
2454 2837 2605 2878 esse
2632 2816 2751 2900 (sc.
2775 2837 2975 2897 quam

517 2917 837 2968 senectus
887 2927 1142 2980 eorum,
1193 2910 1305 2987 qui
1356 2908 1805 2987 agricultione
1856 2908 2325 2984 oblectant)“?.
2401 2905 2726 2970 Consulto
2777 2909 2982 2986 igitur

519 2995 771 3057 Tullius
819 3007 956 3058 tam
1017 2999 1296 3078 copiose
1357 3005 1428 3057 et
1484 3018 1708 3077 paene
1759 2996 2034 3078 garrule
2080 2996 2389 3058 Porcium
2455 2997 2541 3056 de
2597 3016 2671 3056 re
2730 2999 2980 3057 rustica

521 3086 969 3146 disserentem
1019 3085 1201 3160 facit,
1253 3094 1328 3147 ut
1376 3086 1695 3147 laetitiam
1745 3086 2213 3147 incredibilem
2267 3086 2433 3146 illius
2481 3087 2680 3157 seniS,
2731 3087 2843 3165 qui
2894 3085 2979 3144 de

522 3176 728 3236 rebus
776 3178 1042 3236 rusticis
1089 3177 1236 3256 ipse
1285 3177 1634 3256 scripserit
1670 3173 1735 3259 (ξ
1773 3175 1902 3258 54),
1949 3195 2266 3237 sermone
2318 3177 2463 3253 ipso
2514 3194 2714 3254 quam
2756 3175 2981 3235 diluci-

520 3264 791 3325 dissime
852 3266 1185 3345 depingat
1240 3265 1574 3346 simulque
1637 3275 1707 3326 ut
1767 3273 2054 3326 excuset
2112 3273 2185 3324 et
2241 3266 2534 3344 obtegat
2592 3265 2974 3324 ubertatem

518 3356 903 3416 verborum.
1016 3352 1340 3434 Oportuit
1403 3357 1577 3415 enim
1633 3351 1766 3417 Cic,
1816 3354 2017 3434 paulo
2085 3355 2423 3433 copiosius
2491 3354 2823 3414 disserere
2893 3354 2977 3412 de

517 3443 771 3522 gaudio
807 3445 1010 3505 animi
1046 3465 1133 3504 ex
1167 3453 1408 3505 natura
1458 3452 1530 3504 et
1572 3444 1837 3505 cultura
1882 3464 2105 3504 rerum
2157 3445 2555 3505 rusticarum
2610 3443 2979 3512 hauriendi,

519 3551 673 3593 cum
724 3534 949 3612 opinio
986 3535 1304 3606 omnium,
1359 3553 1559 3613 quam
1599 3531 1769 3595 Cato
1814 3535 1961 3614 ipse
2005 3534 2244 3594 habuit
2274 3553 2518 3593 revera
2552 3531 2663 3614 (cf.
2696 3531 2978 3592 Moorii

519 3623 672 3683 adn.
721 3623 808 3682 ad
851 3620 886 3706 ξ
925 3621 1055 3705 51),
1101 3642 1213 3683 res
1248 3624 1533 3684 rusticas
1570 3623 1927 3694 utilitatem
1971 3624 2309 3702 praebere
2344 3623 2629 3702 corpori,
2678 3623 2741 3681 ei
2772 3623 2979 3700 repri-

519 3712 785 3785 menda,
832 3714 1177 3772 sententia
1225 3713 1432 3793 ipsius
1481 3711 1624 3772 illas
1673 3715 1882 3772 etiam
1926 3713 2153 3772 animo
2203 3712 2455 3791 gaudio
2506 3730 2657 3771 esse
2703 3711 2979 3770 demon-

517 3801 798 3861 stranda
831 3811 1032 3875 esset,
1068 3813 1140 3861 ut
1173 3802 1346 3863 haec
1379 3802 1712 3882 particula
1741 3821 1894 3862 cum
1931 3801 2505 3861 antecedentibus
2536 3807 2609 3859 et
2636 3801 2978 3880 sequenti-

518 3890 646 3950 bus
678 3888 758 3973 ἐξ
794 3901 1150 3970 congruat,
1191 3893 1438 3971 quibus
1473 3891 1558 3950 de
1600 3892 1840 3951 animi
1873 3889 2337 3970 voluptatibus
2372 3892 2598 3969 agitur
2633 3887 2740 3968 (cf.
2772 3891 2975 3948 etiam

517 3981 732 4040 verba
779 3982 816 4060 ξ
858 3982 935 4040 51
988 3981 1283 4041 ineuntis
1337 3999 1554 4060 „quae
1606 3980 1766 4040 mihi
1816 3980 1902 4040 ad
1960 3980 2358 4059 sapientis
2406 3981 2614 4039 vitam
2666 3980 2977 4057 proxime

518 4069 834 4129 videntur
881 4069 1304 4147 accedere“).

693 4159 767 4218 In
818 4155 896 4241 ἐξ
934 4159 1137 4234 51154
1170 4157 1360 4230 Cato,
1410 4166 1573 4239 quot
1621 4167 2054 4238 quantasque
2095 4157 2589 4218 delectationes
2621 4157 2761 4217 vita
2802 4159 2975 4236 agri-

519 4247 814 4308 colarum
869 4249 1094 4308 animo
1143 4251 1497 4328 praebeat,
1547 4257 1841 4308 enarrat.
1900 4246 2133 4308 ·Multo
2178 4248 2400 4326 magis
2433 4264 2633 4325 quam
2690 4245 2975 4306 utilitate

518 4337 734 4415 ipsum
781 4333 1094 4417 gaudere
1145 4338 1210 4398 vi
1259 4356 1338 4397 ac
1389 4345 1676 4398 natura
1724 4345 1982 4413 terrae3
2033 4337 2099 4396 id
2136 4337 2317 4416 quod
2367 4335 2654 4395 illustrat
2686 4337 2974 4415 primum

519 4426 837 4506 exemplo
860 4425 1184 4488 frumenti
1208 4428 1554 4487 nascentis
1577 4424 1640 4506 (ἓ
1655 4424 1784 4507 51),
1808 4425 2056 4485 deinde
2078 4436 2443 4505 postquam
2469 4424 2638 4484 dixit
2660 4426 2974 4484 omittere

695 4621 738 4684 ¹)
777 4618 884 4669 Pro
921 4625 1076 4671 certo
1116 4620 1307 4670 haberi
1346 4625 1536 4687 potest
1569 4620 1718 4670 illum
1759 4634 1985 4669 versum
2026 4619 2131 4670 alio
2172 4633 2340 4669 sensu
2380 4617 2583 4668 factum
2625 4633 2771 4669 esse.
