3584 5475
651 750 734 822 In,
787 752 1122 812 exordio
1183 762 1459 831 praeter
1508 752 1824 831 exempla
1861 772 1974 829 ea,
2034 771 2209 832 quae
2262 772 2467 832 supra
2515 772 2934 813 commemo-

477 842 617 901 ravi
654 840 743 920 (p.
780 844 858 906 37
874 840 1020 922 sq.),
1068 839 1368 901 Platonis
1411 840 1628 902 locum
1668 848 1857 901 certe
1899 843 2043 921 ipse
2084 843 2361 902 inseruit
2398 841 2502 921 (cf.
2534 861 2741 921 supra
2774 841 2810 920 ξ
2847 843 2931 921 2).

475 928 846 991 Praeterea
895 932 1125 991 insunt
1169 932 1233 990 in
1286 931 1414 991 hac
1462 939 1658 1010 parte
1709 931 2062 991 doctrinae
2097 928 2391 1005 Stoicae,
2441 951 2608 1011 quas
2641 930 2929 991 Tullium

477 1021 602 1078 iam
667 1019 876 1079 multo
938 1028 1143 1080 antea
1201 1022 1470 1081 novisse
1531 1028 1821 1087 constat.
1886 1019 2337 1085 Sententiam
2410 1021 2527 1099 §5
2580 1029 2928 1099 „naturam

479 1110 799 1187 optimam
855 1108 1096 1169 ducem
1149 1117 1495 1189 tamquam
1551 1109 1753 1169 deum
1804 1110 2187 1189 sequimur“
2227 1107 2337 1189 (cf.
2372 1111 2457 1169 de
2498 1107 2629 1189 leg.
2662 1109 2691 1169 I
2727 1111 2762 1169 6
2805 1108 2937 1183 fin.,

479 1197 562 1268 de
611 1196 720 1259 fin.
752 1196 818 1258 11
851 1199 952 1271 33,
1001 1196 1096 1258 IV
1153 1199 1260 1278 14)
1309 1207 1381 1258 et
1429 1218 1511 1258 ea
1560 1217 1736 1278 quae
1785 1196 1956 1260 Cato
2006 1200 2072 1257 in
2122 1200 2308 1259 initio
2359 1200 2681 1277 orationis
2731 1198 2933 1259 affert

478 1286 581 1363 (cf.
613 1287 940 1365 paradox.
971 1286 1032 1347 H
1065 1287 1102 1366 ξ
1139 1289 1248 1363 17;
1299 1286 1495 1348 Tusc.
1527 1285 1803 1367 Disp.V
1847 1288 1883 1366 ξ
1916 1286 2147 1371 40s42)
2193 1284 2325 1349 Cic.
2366 1288 2452 1348 de
2494 1307 2616 1348 suo
2658 1307 2931 1349 sumere

475 1377 798 1455 potuisse.
836 1396 972 1436 non
1032 1396 1234 1455 nego.
1327 1374 1464 1438 Sed
1523 1377 1696 1439 haec
1745 1396 1895 1437 cum
1950 1387 2096 1437 arte
2138 1370 2564 1437 cohaereant
2612 1396 2762 1438 cum
2816 1379 2935 1453 eis,

479 1483 652 1544 quae
702 1464 932 1525 Bionis
992 1486 1080 1525 ex
1138 1467 1512 1526 imitatione
1569 1464 1845 1526 fluxisse
1894 1464 2131 1531 Hense
2178 1469 2560 1546 suspicatus
2610 1475 2733 1539 est,
2792 1466 2933 1526 dili-

475 1556 749 1632 gentius
797 1556 1210 1634 perscrutari
1260 1574 1382 1615 nos
1432 1562 1724 1635 oportet.

563 1786 690 1866 §4.
747 1786 864 1847 De
915 1786 1140 1847 fonte
1191 1783 1534 1859 GraecO,
1585 1807 1736 1867 quo
1787 1788 2193 1867 agebatur
2241 1787 2334 1846 de
2384 1797 2839 1861 senectute,

1253 1896 1292 1936 a
1339 1874 1736 1937 Cicerone
1786 1876 2171 1937 adhibito.

651 2000 938 2061 Fontem
1003 2002 1343 2080 quendam
1401 1998 1748 2075 Graecum,
1792 2003 1854 2061 in
1910 2003 2022 2074 eis,
2081 2021 2257 2081 quae
2309 2001 2532 2062 adhuc
2584 2003 2935 2062 omisimus

473 2092 886 2168 perscrutari
919 2092 1300 2170 excriptum
1338 2110 1490 2152 esse
1527 2110 1727 2151 nemo
1767 2111 2081 2171 umquam
2121 2092 2421 2170 negavit.
2489 2089 2726 2151 Hense
2763 2111 2932 2152 vero

475 2176 537 2260 (l.
577 2198 632 2239 C.
675 2198 737 2258 p.
781 2177 1062 2260 CXVII)
1120 2188 1318 2259 putat
1375 2176 1509 2241 Cic.
1557 2181 1622 2241 in
1684 2177 1720 2262 ξ
1767 2182 1803 2240 3
1862 2176 2140 2241 Catonis
2196 2180 2486 2240 studium
2551 2179 2922 2240 litterarum

475 2266 894 2329 Graecarum
945 2288 1027 2329 eo
1076 2276 1340 2329 tantum
1393 2269 1670 2330 oonsilio
1711 2268 1977 2349 „vafre“
2016 2288 2609 2341 commemorasse,
2644 2288 2766 2345 „ne
2801 2271 2929 2330 sibi

473 2359 617 2436 ipse
669 2360 862 2437 quasi
908 2358 1387 2437 praecluderet
1435 2360 1906 2419 commentarii
1942 2356 2189 2420 Graeci
2224 2376 2424 2437 quem
2464 2360 2933 2437 exscripturus

474 2453 658 2506 esset
692 2448 1044 2507 subsidia“.
1136 2447 1468 2527 Equidem
1505 2449 1796 2508 arbitror
1830 2467 1985 2507 eum
2021 2467 2155 2508 non
2191 2446 2403 2507 solum
2442 2447 2569 2508 hac
2602 2447 2687 2507 de
2722 2467 2933 2509 causa

474 2534 694 2597 locum
744 2535 924 2596 illum
973 2538 1352 2608 inseruisse,
1402 2538 1522 2597 sed
1574 2538 1774 2596 etiam
1813 2545 2200 2616 propterea,
2251 2537 2434 2616 quod
2466 2535 2817 2596 Platonem
2858 2546 2937 2597 et

387 2686 392 2689 .
474 2623 1012 2704 Xenophontem
1077 2626 1402 2686 adhibere
1454 2626 1675 2697 vellet,
1733 2646 1905 2705 quos
1952 2627 2322 2705 scriptores
2372 2644 2576 2705 quam
2626 2626 2932 2686 studiose

473 2716 617 2794 ipse
668 2714 934 2792 legerit,
983 2723 1284 2792 constat3
1334 2737 1488 2776 nam
1543 2716 1829 2776 vidimus
1872 2735 2025 2776 eum
2069 2717 2131 2776 in
2171 2716 2393 2776 animo
2428 2715 2686 2778 habere
2721 2717 2935 2796 ipsius

473 2807 888 2865 sententiam
941 2806 1025 2865 de
1075 2814 1434 2866 senectute
1485 2806 1831 2885 explicare
1865 2825 2183 2866 sermone
2218 2803 2513 2866 Catonis,
2568 2805 2789 2871 ‚Idem
2830 2807 2935 2865 vir

471 2890 716 2954 doctus
765 2894 1122 2954 contendit
1170 2893 1336 2954 illius
1396 2894 1542 2954 libri
1595 2903 1940 2956 auctorem
1998 2894 2205 2955 fuisse
2255 2895 2645 2954 Aristonem
2696 2891 2933 2963 Cehm,

475 2984 660 3042 cuius
719 2985 974 3044 mentio
1033 2985 1095 3044 in
1157 2985 1344 3043 initio
1393 2983 1652 3063 ‚dialogi
1712 2985 1978 3044 inicitur
2037 2983 2145 3061 (cf.
2195 3002 2401 3062 supra
2456 3003 2518 3062 p.
2564 2985 2693 3064 36).
2787 2980 2927 3043 Sed

474 3069 745 3132 difficile
795 3081 904 3132 est
952 3073 1334 3142 diiudicatu‚
1386 3083 1603 3133 utrum
1643 3070 1776 3134 Cic.
1816 3075 1971 3152 ‚ipse
2021 3071 2196 3132 illum
2243 3072 2501 3144 librum,
2553 3075 2663 3151 qui
2699 3074 2930 3132 inscri-

473 3162 767 3222 bebatur
799 3160 1150 3234 TithonuS,
1184 3160 1433 3241 legerit
1465 3181 1547 3222 an
1578 3181 1702 3241 per
1723 3161 1918 3221 alium
1958 3163 2357 3221 memoriam-
2374 3160 2646 3222 Tithoni
2672 3160 2923 3240 dialogi

473 3252 836 3330 acceperit.
929 3250 1174 3331 Neque
1225 3252 1446 3311 minus
1495 3249 1778 3312 difficilis
1828 3258 1934 3310 est
1967 3250 2071 3310 illa
2107 3253 2436 3330 quaestio,
2487 3270 2663 3330 quae
2699 3259 2806 3310 est
2840 3250 2931 3309 de

389 3361 392 3364 ’
473 3347 751 3400 auctore
806 3338 1095 3412 Tithoni,
1162 3359 1293 3420 qua
1364 3341 1450 3400 de
1515 3360 1591 3400 re
1658 3342 1785 3400 iam
1848 3359 2052 3419 supra
2110 3341 2199 3420 (p.
2246 3338 2356 3422 36)
2416 3340 2927 3419 disputavimus

472 3428 805 3489 Attamen
837 3428 1159 3489 nonnulla
1179 3438 1369 3489 certa
1404 3429 1488 3488 de
1524 3428 1714 3490 fonte
1747 3427 1881 3492 Cic.
1904 3431 2043 3489 erui
2072 3438 2360 3508 possunt
2380 3430 2929 3508 perscrutatione

471 3514 745 3578 Catonis
794 3520 1064 3589 maioris
1113 3518 1562 3597 diligentiore.

648 3606 1230 3668 Praemittendum
1287 3615 1409 3680 est,
1460 3627 1594 3687 qua
1645 3607 2021 3668 methodo
2075 3627 2230 3668 usos
2278 3627 2401 3667 nos
2443 3608 2527 3667 de
2563 3606 2754 3667 fonte
2790 3603 2929 3668 Cio.

473 3694 718 3776 aliquid
778 3699 948 3757 certi
1005 3698 1311 3757 invenire
1369 3716 1572 3776 posse
1631 3716 2003 3776 speremus,
2080 3695 2314 3761 Hense
2366 3696 2427 3777 (l.
2470 3717 2524 3757 o.
2567 3716 2629 3776 p.
2668 3694 2920 3776 CXIV)

472 3793 758 3846 conatus
801 3797 907 3866 est
940 3786 1028 3846 ad
1060 3785 1318 3847 fontem
1359 3787 1734 3846 escendere
1770 3783 2071 3846 collectis
2107 3787 2203 3844 eis
2237 3785 2414 3859 lociS,
2457 3805 2627 3864 quos
2662 3784 2924 3845 Bioneo

454 3873 698 3935 'colore
741 3876 993 3935 tinctos
1037 3895 1187 3935 esse
1236 3877 1511 3936 invenit.
1591 3873 1809 3952 Quam
1851 3875 2184 3934 rationem
2223 3893 2370 3934 cum
2421 3883 2492 3934 et
2522 3874 2925 3934 Aristonem

471 3959 659 4024 Cium
685 3972 757 4024 et
769 3965 1160 4025 Aristonem
1177 3960 1413 4024 Chium
1439 3965 1766 4024 imitatum
1797 3983 1947 4023 esse
1970 3961 2253 4023 Bionem
2281 3971 2569 4034 constet,
2589 3982 2723 4023 non
2742 3961 2921 4023 suffi—

471 4071 627 4113 cere
661 4062 877 4133 patet.
951 4052 1191 4134 Itaque
1231 4055 1646 4132 perscrutari
1683 4072 1808 4113 nos
1844 4061 2134 4132 oportet,
2168 4071 2454 4132 quorum
2491 4050 2927 4131 philosopho-

468 4161 615 4202 rum
667 4142 1012 4203 doctrinas
1060 4139 1193 4204 Cic,
1227 4145 1292 4203 in
1342 4140 1604 4203 Catone
1652 4142 2002 4221 praebeat.
2080 4140 2449 4202 Praeterea
2488 4160 2647 4220 spes
2688 4149 2793 4200 est
2833 4161 2925 4199 ex

470 4233 963 4310 compositione
1022 4231 1300 4312 dialogi,
1367 4232 1452 4291 de
1513 4251 1648 4310 qua
1702 4222 1920 4310 prim'a
1976 4239 2172 4310 parte
2231 4233 2524 4309 egimus,
2586 4229 2671 4288 de
2729 4227 2925 4289 fonte

471 4319 719 4400 aliquid
751 4323 1056 4381 invenire
1092 4340 1216 4381 nos
1248 4340 1470 4400 posse.
1536 4318 1780 4399 Neque
1813 4339 1976 4380 vero
2013 4319 2313 4379 oblivisci
2348 4319 2679 4378 debemus
2712 4318 2924 4396 longe

470 4411 834 4470 maximam
904 4418 1173 4489 partem
1240 4408 1518 4474 Catonis
1583 4407 1715 4470 Cic,
1780 4410 1999 4488 ipsum
2073 4409 2554 4487 composuisse,
2629 4427 2761 4467 non
2832 4427 2923 4465 ex

470 4501 961 4559 commentario
1020 4519 1121 4573 eo,
1179 4501 1292 4579 qui
1350 4507 1498 4559 erat
1555 4500 1845 4577 scriptus
1906 4498 1990 4556 de
2048 4505 2425 4575 senectute,
2474 4496 2795 4567 hausisse,
2854 4495 2919 4553 id
2988 4545 2995 4552 .

470 4584 653 4667 quod
699 4589 767 4648 in
819 4589 1390 4649 antecedentibus
1439 4587 1514 4667 ἐξ
1563 4587 2019 4666 exposuimus,
2115 4583 2265 4663 Qua
2314 4605 2401 4646 ex
2449 4605 2521 4644 re
2572 4604 2723 4646 cum
2762 4603 2923 4644 con-

2639 4732 2841 4795 bs·
