3584 5475
1625 566 1885 625 —26
1982 581 2112 608 -·

613 764 688 803 se
721 741 896 804 velle
929 744 1065 804 vim
1099 743 1310 822 ipsam
1353 744 1671 817 omnium,
1706 762 1884 823 quae
1917 744 2373 823 gignerentur
2406 763 2444 803 e
2478 752 2663 803 terra
2695 744 2754 824 (ξ
2779 744 2861 803 52
2887 741 3074 824 init),

613 834 843 894 vitium
899 841 1049 893 ortu
1100 840 1171 891 et
1219 834 1449 911 specie.
1493 833 1745 893 diserte
1798 832 2155 921 descriptis
2190 833 2255 913 (ξ
2290 828 2531 915 52s53).
2609 831 2859 893 Verbis
2899 852 3075 912 „qua

615 922 774 1002 quid
837 929 1070 1001 potest
1125 940 1276 982 esse
1335 940 1484 982 cum
1537 920 1762 983 fructu
1822 921 2080 993 laetiuS,
2129 929 2268 982 tum
2316 930 2602 1002 aspectu
2653 920 3068 1001 pulchrius?“
3178 940 3187 947 ·

615 1014 695 1071 ad
733 1012 994 1071 initium
1031 1011 1224 1072 huius
1257 1009 1631 1090 particulae
1667 1007 1732 1094 (ξ
1757 1008 1869 1092 51)
1903 1012 2285 1072 revertitur.
2356 1008 2557 1071 Hanc
2590 1012 3070 1090 repetitionem

614 1103 760 1181 ipse
803 1099 1110 1161 indicans
1141 1101 1371 1161 verbis
1419 1106 1533 1177 „ut
1564 1108 1724 1159 ante
1761 1099 1937 1159 dixi⁶‘
1982 1099 2279 1179 loquitur
2311 1099 2395 1159 de
2432 1099 2748 1160 cultura
2781 1101 3072 1181 primum

616 1192 783 1262 vitis,
834 1189 1082 1249 deinde
1131 1197 1358 1249 terrae
1399 1188 1464 1271 (ξ
1499 1187 1580 1249 53
1616 1186 1724 1250 fin.
1738 1185 1762 1273 s
1787 1185 1824 1271 ξ
1859 1186 1972 1271 54)
2019 1190 2228 1268 ipsius
2275 1189 2513 1249 librum
2568 1188 2881 1262 afferenS,
2930 1196 3069 1249 tum

613 1280 793 1339 horti
813 1278 1150 1358 pecudum
1179 1280 1400 1358 apium
1425 1276 1686 1349 florum,
1718 1278 2015 1358 denique
2047 1280 2386 1339 arborum.
2426 1277 2500 1338 In
2526 1275 2563 1361 ξ
2589 1278 2669 1340 55
2696 1285 3077 1359 sequuntur

616 1368 722 1429 illa
755 1370 971 1429 verba
1019 1369 1150 1427 iam
1185 1387 1392 1447 supra
1424 1370 1768 1447 exscripta
1803 1370 1886 1448 (p.
1923 1369 2046 1444 25),
2090 1387 2268 1447 quae
2303 1387 2515 1448 quare
2551 1364 2685 1429 Cic,
2719 1369 3078 1428 inseruerit

614 1457 1074 1539 Liitjohann
1123 1476 1257 1517 non
1307 1458 1690 1537 perspexit:
1751 1453 1923 1517 Cato
1983 1455 2469 1536 loquacitatem
2528 1476 2859 1518 excusare
2915 1456 3075 1529 vult,

612 1547 800 1608 velut
848 1565 1053 1625 supra
1101 1547 1164 1606 in
1216 1546 1365 1626 §31
1423 1564 1678 1607 morem
1726 1545 2012 1606 senilem
2049 1547 2133 1606 de
2166 1566 2241 1606 se
2275 1546 2629 1626 gloriandi.
2706 1545 3077 1607 Praeterea

615 1657 652 1697 a
702 1635 1196 1697 consuetudine
1255 1635 1523 1716 singula
1572 1635 1905 1715 exemplis
1964 1634 2333 1696 illustrandi
2394 1637 2523 1697 hac
2575 1638 2639 1695 in
2691 1644 2826 1696 tam
2880 1636 3076 1716 gravi

615 1734 811 1805 parte
877 1725 1206 1786 recedere
1283 1745 1415 1785 non
1495 1724 1818 1786 debebat.
1922 1724 2163 1804 Itaque
2230 1726 2519 1804 primum
2590 1724 2700 1786 Μ’.
2806 1721 3077 1787 Curium

542 1849 546 1852 Α
615 1814 834 1888 affert,
884 1816 1137 1895 quippe
1188 1816 1376 1875 cuius
1424 1813 1576 1874 villa
1627 1815 1712 1874 ab
1765 1816 1974 1893 ipsius
2024 1833 2157 1875 non
2208 1813 2415 1894 longe
2465 1815 2660 1875 absit.
2754 1813 2884 1875 Hic
2932 1816 3077 1875 seni

616 1906 678 1969 in
715 1911 1019 1964 mentem
1052 1905 1240 1964 venit
1272 1904 1738 1964 continentiae
1767 1902 1937 1963 illius
1958 1904 2109 1979 viri3
2146 1922 2324 1983 quae
2354 1923 2463 1964 res
2486 1923 2639 1964 cum
2664 1923 2703 1964 a
2725 1905 3075 1983 proposito

615 1994 808 2054 huius
837 1991 1211 2073 particulae
1247 1994 1568 2053 aberrare
1602 1992 1933 2064 videatur,
1982 2012 2055 2052 se
2090 1994 2235 2072 ipse
2271 1994 2463 2072 quasi
2503 2001 2788 2054 revocat
2822 1993 3073 2054 verbis:

621 2076 781 2161 „sed
837 2084 1040 2143 venio
1099 2082 1186 2141 ad
1244 2081 1599 2162 agricolam,
1658 2102 1743 2142 ne
1792 2102 1832 2142 a
1883 2102 1991 2142 me
2048 2084 2196 2162 ipso
2255 2079 2707 2165 receda’m³‘.²)
2800 2081 3077 2143 Revera

618 2172 886 2252 quidem
952 2171 1124 2232 haec
1181 2171 1685 2232 narratiuncula
1737 2191 1874 2232 non
1926 2172 2253 2251 egressio,
2284 2179 2406 2245 est,
2454 2171 2572 2232 sed
2627 2191 2709 2232 ea
2758 2179 2988 2231 mente
3039 2191 3079 2232 a

615 2258 748 2322 Cic.
805 2261 1158 2334 inducitur,
1219 2268 1290 2320 ut
1348 2260 1860 2321 demonstretur
1906 2259 2073 2321 illius
2140 2268 2625 2344 „senectutem¹
2670 2261 3072 2321 iucundam“

614 2350 838 2423 fuisse,
873 2369 1024 2410 cum
1057 2350 1232 2423 inde,
1267 2350 1446 2429 quod
1484 2349 1606 2409 illis
1642 2351 2066 2430 temporibus
2106 2352 2209 2428 „in
2239 2370 2409 2430 agro
2436 2357 2635 2410 erant
2658 2351 3077 2423 senatores“,

617 2439 915 2500 nondum
967 2447 1295 2519 sequatur
1349 2439 1706 2500 beatitudo
1755 2441 1938 2499 vitae
1988 2442 2298 2501 rusticae.
2392 2438 2767 2500 Senatores
2815 2429 2956 2499 turn
3008 2441 3071 2500 in

616 2530 798 2608 agris
831 2527 1040 2588 fuisse
1075 2528 1584 2589 demonstratur
1617 2528 1936 2608 exemplo
1965 2525 2363 2602 Cincinnati,
2398 2530 2511 2609 qui
2544 2530 2692 2607 ipso
2729 2532 2813 2589 ab
2848 2537 3073 2589 aratro

615 2620 909 2678 dictator
977 2618 1197 2677 dictus
1263 2619 1364 2691 sit,
1432 2627 1641 2697 atque
1711 2620 2113 2697 egressione
2180 2616 2366 2678 facta
2434 2615 2725 2698 (Servilii
2790 2617 3077 2700 factum)

615 2707 947 2789 exemplis
1000 2703 1178 2768 Curii
1244 2714 1314 2767 et
1371 2715 1752 2768 ceterorum
1814 2708 2253 2787 senum,·qui
2320 2726 2360 2767 a
2425 2705 2581 2767 villa
2636 2708 2699 2767 in
2760 2715 3076 2769 senatum

615 2798 920 2858 arcessiti
978 2799 1128 2858 sint.
1207 2795 1378 2857 Tum
1431 2797 1701 2857 demum
1740 2793 1876 2858 Cic,
1921 2799 2266 2857 sententia
2306 2797 2341 2876 ξ
2377 2798 2477 2868 56,
2516 2798 2548 2857 1
2592 2816 2784 2869 „num
2836 2796 3076 2857 horum

613 2895 936 2948 senectus
986 2886 1386 2947 miserabilis
1425 2885 1550 2947 fuit
1591 2893 1754 2946 ete.“
1807 2886 1969 2947 dicit
2015 2885 2123 2945 illa
2167 2885 2487 2965 exempla
2536 2884 2740 2945 allata
2788 2904 2957 2959 esse,
3006 2893 3080 2946 ut

616 2976 927 3056 voluptas
988 2977 1169 3036 vitae
1217 2977 1512 3036 rusticae
1565 2975 1933 3035 illustretur
1990 2983 2199 3055 atque
2256 2973 2513 3035 illorum
2579 2974 3071 3035 beatitudinem

613 3069 742 3126 iam
801 3085 934 3126 non
1003 3066 1304 3125 ostendit
1340 3085 1444 3125 ,ex
1495 3071 1907 3144 argumento
1968 3061 2049 3147 ἓξ
2093 3061 2315 3148 51154,
2381 3065 2626 3144 quibus
2678 3064 2763 3123 de
2821 3064 3075 3143 gaudio

569 3181 572 3183 “
617 3157 815 3216 animi
877 3174 968 3214 ex
1027 3163 1303 3228 „natura
1365 3162 1435 3213 et
1485 3153 1779 3214 cultura“
1830 3162 1980 3215 orto
2032 3154 2389 3233 agebatur,
2446 3173 2595 3214 cum
2657 3152 2765 3213 illo
2823 3152 3077 3233 gaudio

615 3254 756 3304 tum
792 3251 1150 3304 senatores
1187 3244 1567 3303 delectatos
1601 3262 1754 3303 esse
1788 3245 2055 3303 nescire
2088 3245 2322 3322 possit,
2356 3243 2480 3302 sed
2512 3243 2688 3316 inde,
2724 3242 2905 3322 quod
2941 3243 3080 3302 vita

614 3335 863 3394 rustica
905 3340 1221 3413 .praeter
1300 3332 1620 3392 laetitiam
1661 3409 1665 3413 ι
1713 3331 1914 3392 officii
1990 3332 2371 3406 „hominum
2450 3333 2695 3411 generi
2764 3333 3075 3392 universo

615 3422 980 3494 Salutaris“,
1031 3441 1164 3503 qua
1215 3422 1300 3481 de
1348 3442 1422 3482 re
1465 3422 1596 3482 iam
1649 3423 1711 3481 in
1763 3422 1801 3501 ξ
1836 3424 1920 3482 24
1971 3423 2329 3501 agebatur,
2380 3428 2452 3481 et
2496 3429 2773 3501 praeter
2822 3420 3077 3495 „delec-

614 3514 980 3572 tationem“
1047 3530 1139 3572 sc.
1201 3513 1406 3571 animi
1472 3510 1593 3584 „de
1652 3530 1788 3591 qua
1845 3530 1936 3572 sc.
1992 3513 2058 3571 in
2126 3510 2203 3590 ἐξ
2247 3507 2450 3594 51154
2517 3511 2718 3570 dixit⁴⁴
2784 3512 3078 3590 praebet

617 3603 1075 3675 „saturitatem
1114 3608 1184 3659 et
1216 3601 1480 3680 copiam
1517 3602 1812 3660 omnium
1851 3607 2113 3660 rerum“
2149 3610 2358 3679 atque
2388 3600 2667 3679 insuper
2694 3601 3077 3660 venationis

616 3689 1035 3770 voluptatem
1076 3686 1139 3772 (ξ
1176 3689 1284 3770 56)
1323 3698 1392 3749 et
1427 3696 1740 3750 ornatum
1776 3691 2031 3768 speciei
2071 3686 2135 3772 (ξ
2164 3691 2252 3752 ,57
2289 3687 2474 3770 init.).
2549 3687 3081 3750 Demonstratur

619 3781 824 3860 igitur
873 3780 936 3838 in
989 3775 1068 3862 ἐξ
1103 3775 1301 3862 56s57
1357 3779 1709 3839 beatitudo
1749 3780 1933 3839 vitae
1964 3771 2277 3839 rusticae
2326 3779 2511 3858 „agri
2548 3779 2730 3838 bene
2766 3777 2959 3838 culti“
3009 3785 3081 3838 et

543 3869 546 3872 ’
619 3867 924 3941 utilitate,
993 3887 1191 3948 quam
1247 3867 1467 3929 adhuc
1517 3869 1784 3928 nonnisi
1852 3868 2074 3928 obiter
2138 3869 2205 3928 in
2257 3861 2295 3950 ξ
2347 3869 2426 3928 51
2482 3869 2619 3928 init.
2678 3875 2749 3927 et
2804 3867 2841 3946 ξ
2891 3870 2991 3940 53,
3041 3871 3077 3928 9

615 3959 1197 4031 commemoravit,
1246 3965 1317 4017 et
1363 3956 1882 4036 pulchritudine,
1931 3957 2016 4017 de
2067 3976 2203 4037 qua
2236 3958 2510 4017 uberius
2540 3965 2790 4036 postea
2821 3957 2885 4016 in
2923 3956 2960 4036 ξ
2994 3959 3076 4018 59

617 4047 847 4126 agitur
895 4045 1000 4121 (cf.
1034 4047 1250 4107 verba
1282 4047 1318 4126 ἓ
1354 4048 1433 4107 57
1470 4047 1672 4126 „quid
1708 4082 1790 4090 —
1825 4045 2016 4125 plura
2066 4047 2306 4106 dicam.
2338 4044 2543 4106 Brevi
2592 4043 3076 4128 praecidam“):

616 4135 771 4196 Hoc
835 4135 1061 4196 elucet
1109 4155 1146 4195 e
1195 4137 1423 4196 verbis
1481 4132 1634 4217 §57
1697 4155 1903 4215 „agro
1962 4137 2142 4196 bene
2202 4134 2382 4196 culto
2441 4134 2600 4195 nihil
2648 4143 2879 4215 potest
2928 4154 3079 4194 esse

794 4313 834 4378 1)
873 4312 987 4363 Cic.
1039 4311 1349 4362 accuratius
1396 4311 1586 4362 dicere
1634 4311 1830 4369 debuit
1880 4311 1985 4375 „ad
2033 4311 2273 4362 studium
2325 4311 2739 4377 agricolarum“.
2802 4309 2931 4362 'Sed
2970 4310 3081 4361 noli

614 4383 743 4434 huic
783 4383 1064 4434 securitati
1101 4389 1310 4434 tantum
1353 4383 1593 4433 tribuere
1633 4387 1895 4449 quantum
1937 4381 2347 4449 Liitjohann‚
2387 4398 2510 4433 cum
2545 4383 2675 4448 quid
2702 4382 2940 4434 voluerit
2965 4382 3079 4433 Cic.

617 4461 898 4522 appareat.
941 4455 1128 4505 Havet
1164 4455 1196 4506 l.
1236 4470 1282 4505 c.
1323 4470 1375 4521 p.
1404 4453 1507 4504 377
1556 4454 1675 4504 vult
1711 4455 1888 4505 verba
1935 4454 2072 4518 „sed
2112 4455 2277 4506 venio
2308 4483 2366 4490 —
2403 4455 2697 4505 recedam“
2740 4459 2869 4505 ante
2906 4454 3083 4504 verba

614 4526 646 4594 ξ
693 4524 760 4576 53
823 4541 990 4592 „ergo
1050 4525 1103 4575 in
1158 4526 1264 4576 hac
1322 4527 1438 4576 vita
1494 4528 1634 4576 etc.“
1695 4531 2074 4593 transponere.
2161 4525 2363 4592 Neque
2420 4540 2556 4577 vero
2588 4525 2703 4577 'ille
2750 4525 2835 4575 vir
2880 4524 3082 4576 doctus

613 4598 915 4649 meditatus
941 4602 1059 4660 est,
1099 4597 1191 4664 qui
1228 4602 1342 4647 tum
1383 4597 1454 4648 sit
1491 4598 1886 4648 sententiarum
1928 4613 2125 4648 nexus,
