3584 5475
1661 575 2104 633 —30—

656 752 836 812 vitae
905 758 1246 831 tempore,
1327 750 1509 831 quod
1576 750 2099 829 Arganthonius
2178 757 2587 810 consecutus
2665 753 2777 824 sit,
2842 758 3105 810 tantum

654 860 1030 914 remanere,
1065 847 1425 921 „quantum
1456 841 1707 921 virtute
1741 847 1815 899 et
1837 846 2029 900 recte
2054 837 2253 900 factis
2279 847 2689 900 consecutus
2711 841 2862 915 sis“;
2898 858 3107 919 quare

657 932 1037 1010 sapientem
1074 931 1289 991 virum
1322 931 1518 990 brevi
1557 930 1887 1009 temporis
1922 936 2149 988 aetate
2185 937 2583 989 contentum
2622 949 2791 1001 esse,
2825 926 2893 990 id
2927 928 3105 1009 quod

654 1018 1847 1093 illustratursimilitudinehistrionis3
1867 1018 2112 1090 „breve
2132 1020 2308 1077 enim
2344 1027 2616 1097 tempus
2642 1020 2807 1079 satis
2831 1018 3104 1098 longum

658 1128 809 1169 esse
859 1108 944 1169 ad
994 1109 1174 1169 bene
1223 1109 1568 1190 beateque
1616 1108 2037 1169 vivendum“.
2132 1105 2257 1167 His
2304 1108 2549 1180 verbiS,
2604 1109 2849 1188 quibus
2898 1127 3106 1188 quare

656 1199 930 1258 iuveni
995 1200 1148 1274 (non
1201 1199 1368 1276 seni)
1429 1217 1609 1258 mors
1671 1197 1980 1257 timenda
2046 1215 2180 1257 non
2248 1198 2335 1256 sit
2401 1199 2783 1276 exponitur,
2841 1194 2971 1259 Cic.
3022 1197 3107 1257 ab

659 1288 973 1348 universo
1011 1286 1262 1366 dialogi
1295 1290 1708 1367 argumento
1743 1285 1946 1366 plane
1970 1288 2262 1346 aberrat.
2314 1282 2463 1363 Quo
2486 1288 2852 1353 revertitur
2885 1286 3109 1347 verbis

654 1377 1128 1458 sequentibus:
1180 1377 1559 1455 sapientem
1614 1375 1739 1436 alia
1787 1384 1983 1455 parte
2034 1395 2169 1436 non
2221 1374 2453 1435 dolere
2494 1376 2579 1434 de
2614 1384 2989 1446 senectute,
3041 1385 3108 1435 ut

657 1465 1000 1545 agricolae
1053 1484 1203 1527 non.
1238 1464 1514 1525 doleant
1572 1474 1965 1525 autumnum
2018 1467 2315 1536 venisse,
2374 1474 2744 1543 propterea
2804 1466 2982 1546 quod
3041 1471 3109 1523 ut

655 1554 958 1634 agricola
1008 1554 1268 1615 fructus
1319 1556 1383 1614 in
1426 1562 1751 1615 autumno
1796 1554 2118 1627 demetat,
2159 1557 2251 1614 ita
2289 1556 2668 1633 sapientem
2724 1561 2921 1627 „ante
2960 1572 3108 1633 par-

655 1652 876 1705 torum
903 1645 1234 1705 bonorum
1262 1635 1655 1704 memoriam
1683 1651 1753 1703 et
1774 1644 2077 1723 copiam“
2109 1645 2173 1703 in
2207 1651 2566 1704 senectute
2593 1644 2949 1723 percipere
2973 1641 3111 1723 (,‚ut

656 1753 866 1813 saepe
901 1734 1101 1794 dixit“
1134 1752 1222 1796 sc,
1246 1734 1311 1793 in
1333 1730 1413 1816 ἓξ
1437 1736 1491 1806 9,
1515 1736 1616 1805 52,
1642 1732 1881 1814 62sq.).
1931 1732 2082 1793 Hac
2114 1734 2474 1804 sententia,
2506 1751 2918 1814 quamquam
2954 1751 3109 1793 con-

657 1822 966 1883 solationi
1005 1823 1089 1882 de
1125 1830 1484 1883 senectute
1518 1823 1869 1882 institutae
1922 1824 2178 1902 optime
2214 1824 2647 1894 conveniunt,
2682 1830 2913 1882 tamen
2948 1840 3110 1881 non-

659 1912 812 1973 dum
876 1914 962 1972 ad
1017 1920 1499 1991 argumentum
1556 1912 1767 1991 partis
1801 1910 1915 1974 IV.
1967 1912 2182 1972 rediit.
2232 1910 2386 1972 Hoc
2432 1910 2599 1973 facit
2639 1930 2809 1973 voce
2861 1911 3108 1983 ‚‚bona“

655 2003 904 2061 iterata
952 1999 1012 2084 (ξ
1040 2004 1144 2072 71,
1176 2006 1226 2074 1,
1257 2001 1316 2077 3)
1365 2003 1705 2061 sententia
1747 2003 2008 2073 „omnia
2040 2037 2127 2045 —
2160 2002 2389 2061 bonis“
2442 2011 2512 2061 et
2562 2002 2714 2062 hinc
2762 1999 3111 2061 vocabulis

660 2090 1066 2163 „secundum
1107 2098 1454 2150 naturam“
1503 2092 1814 2170 repetitis
1859 2109 2012 2151 cum
2050 2091 2233 2151 dicat
2266 2091 2457 2172 „quid
2495 2127 2583 2135 —
2616 2092 2919 2160 emori?“,
2972 2091 3111 2169 qui-

658 2182 784 2239 bus
845 2181 1069 2240 verbis
1130 2179 1218 2239 ad
1267 2199 1350 2239 ea
1401 2198 1574 2259 quae
1624 2180 1688 2239 in
1740 2176 1819 2262 ἓξ
1858 2176 2059 2261 67168
2126 2182 2439 2259 expos-ita
2487 2189 2660 2249 sunt,
2730 2179 3110 2240 revertitur.

655 2304 742 2312 —-
797 2268 1103 2329 Vidimus
1153 2266 1286 2331 Cic.
1350 2270 1413 2329 in
1469 2265 1546 2351 ἐξ
1591 2266 1792 2351 69s70
1842 2270 1928 2329 ab
1983 2280 2393 2349 argumento
2448 2289 2583 2329 non
2634 2268 2848 2329 solum
2901 2268 3112 2348 partis

654 2357 789 2431 IV.,
838 2358 960 2418 sed
1021 2360 1221 2418 etiam
1275 2359 1482 2418 totius
1533 2356 1783 2438 dialogi
1833 2359 2154 2419 aberrare
2233 2378 2459 2437 neque
2530 2359 2923 2437 negandum
3008 2363 3114 2416 est

656 2448 949 2508 reditum
1000 2449 1358 2507 sententiis
1407 2447 1638 2527 primis
1697 2448 1733 2527 ξ
1787 2450 1863 2508 71
1931 2467 2170 2527 parum
2222 2446 2583 2507 artificiose
2631 2447 2886 2508 factum
2940 2465 3109 2506 esse.

659 2535 907 2616 Neque
947 2556 1111 2597 vero
1161 2536 1318 2597 inde
1360 2536 1771 2598 concludere
1815 2556 2175 2616 possumus
2224 2537 2400 2597 hanc
2434 2536 2831 2615 particulam
2868 2543 3113 2615 postea

656 2625 1060 2687 inculcatam
1100 2645 1270 2698 esse,
1305 2645 1455 2687 cum
1496 2632 1722 2686 omnia
1755 2628 1934 2686 inter
1966 2646 2040 2685 se
2075 2626 2225 2705 plus
2260 2627 2479 2685 minus
2514 2635 2659 2685 arte
2688 2627 3105 2686 conexuerit.

655 2714 899 2796 Itaque
947 2715 1240 2777 fortasse
1290 2714 1462 2777 haec
1511 2705 1939 2795 indiligentia
1987 2735 2075 2776 ex
2121 2713 2424 2776 fontibus
2460 2733 2593 2774 non
2629 2715 2792 2774 satis
2828 2716 3005 2774 inter
3037 2732 3111 2774 se

659 2807 1123 2885 compensatis
1173 2804 1497 2884 explicari
1545 2812 1792 2884 potest.

838 2893 987 2955 Hac
1036 2894 1244 2974 longa
1293 2895 1691 2974 egressione
1726 2891 1861 2954 Cic.
1895 2895 2165 2972 cogitur
2206 2894 2435 2952 verbis
2482 2893 2707 2971 „quod
2739 2893 2916 2952 idem
2954 2897 3137 2952 con-'

655 2985 861 3063 tingit
900 2983 1483 3044 adulescentibus“
1532 2990 1852 3062 repetere
1888 3002 1986 3056 ea,
2038 3001 2214 3062 quae
2249 2983 2315 3041 in
2351 2983 2537 3043 initio
2572 2982 2609 3060 ξ
2644 2983 2725 3042 68
2760 2983 2893 3042 iam
2930 2982 3113 3053 dixit,

657 3074 782 3134 sed
811 3075 905 3135 ita
936 3075 1206 3153 repetit,
1242 3081 1314 3133 ut
1347 3092 1590 3134 novam
1628 3073 1967 3132 rationem
2000 3072 2377 3132 senectutis
2412 3070 2891 3131 defendendae
2926 3070 3113 3130 indu·
3196 3078 3199 3080 ’

657 3171 798 3240 cat3
848 3164 1029 3224 senis
1063 3170 1350 3223 mortem
1389 3161 1760 3223 secundum
1801 3169 2108 3221 naturam
2154 3180 2325 3234 esse,
2376 3160 2831 3220 adulescentis
2874 3167 3115 3220 contra

656 3261 989 3324 naturam,
1050 3271 1249 3332 quam
1313 3253 1722 3335 sententiam
1780 3251 2043 3311 duabus
2090 3249 2633 3311 similitudinibus
2682 3249 3115 3329 elegantibus

657 3340 959 3402 illustrat.
1025 3338 1215 3419 Quae
1253 3360 1404 3401 cum
1439 3342 1534 3401 ita
1567 3342 1717 3412 sint,
1751 3337 1921 3401 Cato
1958 3339 2221 3401 locutus
2257 3340 2342 3399 de
2377 3359 2451 3400 se
2485 3341 2649 3420 ipso,
2692 3341 2806 3420 qui
2841 3356 3115 3418 semper

657 3430 1140 3510 amplissimum
1191 3432 1372 3490 senis
1412 3428 1802 3510 exemplum
1840 3438 1947 3490 est
1980 3428 2088 3510 (cf.
2121 3449 2184 3510 p.
2222 3428 2303 3511 7),
2353 3429 2710 3490 contendit
2742 3430 2838 3488 ita
2869 3448 2944 3488 se
2980 3447 3114 3487 non

659 3528 944 3580 mortem
1005 3521 1267 3593 timere,
1329 3526 1398 3579 ut
1457 3539 1546 3580 ex
1604 3518 1812 3599 longa
1872 3520 2310 3598 navigatione
2366 3520 2432 3578 in
2482 3526 2754 3598 portum
2802 3518 3117 3580 videatur

656 3618 983 3669 venturus
1031 3628 1181 3668 esse
1222 3607 1287 3690 (ἓ
1334 3609 1409 3670 71
1464 3606 1682 3689 extr.).
1774 3609 2107 3669 Attamen
2158 3627 2309 3668 cum
2363 3616 2573 3668 nauta
2620 3615 2881 3668 certum
2936 3607 3115 3667 navi-

653 3699 954 3777 gationis
1020 3694 1225 3757 finem
1292 3705 1513 3778 petat,
1586 3699 2000 3774 „senectutis
2066 3696 2283 3757 nullus
2341 3706 2448 3757 est
2503 3705 2731 3758 certus
2788 3698 3117 3756 terminus

659 3785 720 3867 (§
767 3789 845 3847 72
895 3785 1060 3869 init.)
1109 3795 1439 3868 recteque
1488 3789 1554 3847 in
1610 3807 1691 3847 ea
1739 3789 2002 3858 vivitur,
2053 3787 2237 3867 quod
2285 3806 2529 3846 munus
2580 3783 2781 3846 officii
2831 3785 3117 3863 exsequi

658 3884 730 3937 et
761 3877 935 3936 tueri
968 3877 1186 3954 possis
1220 3884 1652 3956 mortemque
1688 3878 2200 3937 contemnere“.
2234 3912 2318 3919 —
2353 3874 2506 3936 Hoc
2542 3875 2627 3935 de
2664 3874 2812 3935 loco
2848 3881 3117 3935 contro-

655 3966 880 4026 versia
915 3977 1062 4025 orta
1097 3971 1202 4024 est
1236 3967 1413 4025 inter
1445 3957 1626 4026 viros
1658 3967 1916 4035 doctOS‚
1965 3985 2115 4026 cum
2157 3963 2388 4026 ultima
2421 3965 2633 4025 verba
2668 3966 2734 4024 in
2770 3964 3118 4024 codicibus

657 4056 841 4115 varie
875 4053 1124 4115 tradita
1158 4055 1293 4114 sint
1326 4053 1439 4135 (cf.
1462 4053 1746 4116 Moorii
1781 4055 1885 4115 ed.
1908 4075 1974 4135 ip.
2003 4057 2081 4115 17
2090 4056 2127 4116 8
2142 4053 2299 4136 sq.);
2337 4053 2444 4114 alii
2475 4062 2737 4134 putant,
2773 4055 2838 4112 in
2874 4052 3117 4133 quibus

661 4141 957 4222 Madvig,
1006 4144 1220 4204 Verba
1265 4153 1735 4224 „mortemque
1770 4148 2257 4204 contemnere⁶‘
2298 4163 2387 4204 ex
2422 4145 2730 4222 margine
2764 4144 3115 4222 irrepsisse

659 4232 1004 4312 adscripta
1069 4234 1156 4292 ab
1227 4233 1499 4294 homine
1558 4234 1875 4313 quodam,
1943 4235 2057 4313 qui
2114 4252 2368 4294 nexum
2426 4233 2918 4292 sententiarum
2982 4249 3116 4290 non

656 4323 1028 4402 perspexit,
1078 4321 1201 4396 alii,
1249 4323 1313 4382 in
1366 4323 1610 4402 quibus
1642 4321 2099 4403 Liitjohann
2150 4331 2222 4382 et
2255 4321 2553 4394 Moore‚
2604 4321 2910 4382 lacunam
2967 4338 3116 4379 esse

659 4410 789 4471 hoc
825 4410 992 4472 loco,
1051 4410 1206 4472 Non
1242 4420 1432 4472 recte
1466 4420 1655 4472 certe
1690 4410 2148 4491 Liitjohann
2186 4409 2249 4494 (l.
2272 4429 2327 4473 c.
2348 4431 2411 4490 p.
2435 4409 2701 4492 504sq.)
2735 4411 3118 4489 suspicatus

663 4508 772 4560 est
801 4501 1016 4561 verba
1049 4519 1134 4562 ea
1164 4500 1546 4580 supplenda
1579 4521 1749 4574 esse,
1800 4502 2045 4580 quibus
2080 4520 2261 4561 mors
2297 4499 2672 4561 voluntaria
2708 4498 3120 4560 defendatur

659 4609 848 4662 more
889 4587 1305 4654 Stoicorum:
1357 4610 1581 4671 neque
1632 4592 1812 4650 enim
1864 4611 1951 4650 ex
1999 4591 2225 4651 verbis
2280 4588 2475 4666 „illud
2526 4591 2737 4650 breve
2784 4587 3115 4667 reliquum
