3584 5475
1664 578 2107 637 —20—

664 776 796 817 non
848 752 1198 837 exerceat)
1255 762 1327 813 et
1372 754 1585 834 Appii
1632 750 1891 815 Claudii
1938 750 2159 827 Caeci,
2221 755 2333 835 qui
2388 755 2763 832 „intentum
2816 755 3115 815 animum

663 854 1010 925 tamquam
1047 845 1318 905 arcum⁵‘
1359 844 1690 923 habuerit,
1725 843 2115 923 exemplum
2152 844 2393 906 iterum
2434 842 2548 924 (cf.
2584 840 2620 926 ξ
2661 845 2763 921 16)
2800 842 3117 905 afferens,

661 932 864 996 Cuius
898 934 1376 994 auctoritatem
1413 933 1684 994 uberius
1725 932 2123 994 describens
2160 934 2531 1012 praecipue
2571 934 2920 993 sententia
2955 930 2993 1015 ξ
3030 935 3116 994 38

669 1024 801 1101 „sic
828 1024 1003 1083 enim
1047 1031 1371 1083 senectus
1405 1022 1696 1083 honesta
1729 1030 1838 1082 est
1870 1024 2061 1095 etc.“,
2096 1041 2230 1101 qua
2264 1030 2506 1083 contra
2536 1019 2811 1083 Caecilii
2840 1042 3109 1083 versum

663 1113 967 1192 disputat
1031 1109 1142 1193 (cf.
1210 1112 1718 1172 accusationem
1785 1111 2162 1171 senectutis
2228 1112 2297 1175 in
2365 1107 2401 1193 ξ
2450 1113 2483 1170 7
2545 1110 2837 1184 allatam,
2897 1112 3117 1191 „quod

662 1208 1152 1282 spernerentur
1199 1202 1285 1283 ab
1334 1202 1429 1272 iis,
1478 1220 1519 1261 a
1567 1201 1811 1281 quibus
1860 1207 2094 1261 essent
2140 1199 2268 1261 coli
2316 1198 2573 1283 soliti“),
2621 1198 2756 1262 Cic.
2792 1200 3043 1280 aliquid
3076 1220 3120 1261 a

659 1299 852 1352 recta
908 1292 1018 1351 via
1073 1286 1403 1351 Catonem
1467 1290 1903 1350 aberrantem
1962 1288 2157 1361 facit3
2216 1296 2447 1349 tamen
2510 1288 2600 1349 ad
2654 1289 2831 1350 hanc
2880 1309 3115 1369 egres-

662 1382 923 1441 sionem
983 1387 1130 1439 arte
1189 1380 1497 1439 annectit
1551 1380 1914 1459 sequentia
1973 1378 2204 1451 verba,
2264 1380 2507 1457 quibus
2546 1379 2826 1439 'directe
2875 1388 3120 1440 contra

663 1468 1034 1530 secundum
1097 1469 1534 1549 opprobrium
1599 1468 2007 1547 disputatur:
2065 1486 2238 1540 eum,
2298 1468 2412 1547 qui
2459 1468 2673 1549 Appii
2723 1468 3110 1547 exemplum

662 1566 1004 1638 sequatur,
1061 1576 1350 1637 corpore
1408 1576 1642 1617 senem
1703 1576 1855 1617 esse
1913 1576 2135 1637 posse,
2184 1576 2526 1636 nunquam
2582 1558 2826 1620 animo,
2920 1556 3117 1619 Haec

662 1647 948 1707 illustrat
995 1648 1203 1726 ipsius
1250 1647 1472 1707 studio
1523 1646 1895 1707 litterarum
1937 1647 2208 1706 uberius
2242 1646 2328 1706 ad
2365 1655 2746 1707 extremum
2786 1666 3117 1727 expresse

664 1736 898 1796 dicens
975 1755 1049 1795 se
1127 1737 1192 1796 in
1262 1734 1382 1795 illis
1451 1735 1829 1809 „curriculis
1896 1737 2175 1795 mentis“
2256 1733 2512 1815 (nescio
2581 1755 2666 1795 an
2736 1736 2909 1797 haec
2980 1755 3119 1797 vox

661 1825 983 1905 respiciat
1031 1825 1118 1885 ad
1167 1824 1431 1885 Milonis
1481 1825 1737 1885 dictum
1789 1821 1963 1907 §22
1997 1832 2036 1886 6
2088 1823 2415 1898 „athletas
2464 1844 2537 1884 se
2588 1834 2999 1886 exercentes
3046 1825 3111 1884 in

663 1911 1056 1996 curriculo“)
1084 1914 1533 1975 desudantem
1563 1916 1867 1993 corporis
1888 1915 2067 1975 vires
2090 1934 2225 1975 non
2257 1915 3118 1997 magnopere'desiderare.

660 2002 931 2063 Deinde
989 2004 1229 2063 iterum
1294 2004 1498 2082 ipsius
1555 2005 1737 2063 senis
1784 2023 1895 2064 res
1944 2022 2079 2076 eaS,
2139 2022 2316 2083 quae
2367 2023 2545 2063 nunc
2604 2006 2668 2063 in
2719 2023 2794 2063 re
2842 2003 3117 2083 publica

663 2094 860 2172 gerit,
911 2090 1110 2152 affert
1156 2092 1481 2153 similibus
1528 2093 1758 2152 Verbis
1808 2100 2016 2172 atque
2063 2094 2126 2153 in
2166 2089 2201 2175 ξ
2240 2095 2341 2166 32,
2374 2093 2496 2152 sed
2530 2094 2641 2166 ita,
2678 2100 2747 2153 ut
2782 2093 2913 2154 hoc
2947 2095 3119 2165 1000,

664 2182 776 2242 ubi
827 2180 1084 2242 altera
1141 2183 1346 2242 utitur
1393 2182 1992 2260 argumentatione
2044 2182 2293 2242 adiciat
2342 2183 2555 2242 verba
2599 2202 2887 2262 „easque
2921 2192 3117 2243 tueor

663 2272 882 2342 animi,
951 2290 1084 2330 non
1154 2272 1458 2350 corporis
1524 2272 1829 2347 viribus“,
1908 2291 2056 2331 curn
2128 2270 2235 2331 illo
2313 2271 2463 2332 loco
2531 2268 2597 2354 (ξ
2649 2269 2759 2355 32)
2826 2273 3114 2352 primam

664 2361 1332 2440 argumentationem
1391 2359 1805 2431 adhibuerit;
1867 2369 2075 2440 atque
2134 2362 2367 2441 pergit
2426 2379 2511 2420 ne
2566 2362 2619 2421 si
2666 2380 2779 2421 res
2828 2362 3119 2441 exsequi

662 2469 796 2509 non
847 2458 1082 2529 posset
1131 2450 1405 2529 quidem
1457 2449 1817 2509 desistere·
1838 2469 1911 2509 se
1946 2450 2273 2528 cogitare,
2326 2468 2502 2529 quae
2545 2451 2676 2517 iam
2724 2469 2934 2530 agere
2979 2469 3117 2511 non

663 2547 914 2618 posset.
1007 2538 1325 2618 Apparet
1371 2538 1546 2598 illam
1598 2540 2028 2599 iterationem
2082 2557 2219 2598 non
2278 2538 2489 2599 solum
2554 2560 2642 2599 ex
2699 2538 3115 2619 loquacitate

661 2625 939 2689 Catonis
960 2626 1432 2706 explicandam
1459 2646 1629 2700 esse,
1662 2628 1786 2687 sed
1818 2629 2019 2687 etiam
2056 2628 2232 2700 inde,
2266 2628 2449 2707 quod
2475 2624 2608 2689 Cic.
2642 2630 2741 2689 vir
2760 2627 3121 2689 Romanus

661 2737 770 2777 res
837 2718 901 2777 in
960 2737 1036 2777 re
1094 2716 1367 2797 publica
1422 2725 1662 2796 gestas
1718 2716 1927 2798 pluris
1982 2715 2149 2778 facit
2198 2737 2399 2798 quam
2452 2718 2675 2778 studia
2722 2715 3119 2779 litterarum.

663 2807 776 2866 Ad
813 2815 1194 2867 extremum
1232 2805 1656 2866 concluditur
1687 2826 1847 2886 pars
1873 2806 1951 2867 Π.
1981 2808 2328 2866 sententia
2360 2825 2593 2867 senem
2632 2809 2696 2866 in
2717 2806 2847 2866 illis
2880 2807 3121 2866 studiis

663 2893 780 2977 (sc.
814 2896 1187 2956 litterarum
1226 2892 1261 2978 ξ
1300 2898 1400 2968 38,
1437 2892 1621 2977 61114)
1671 2904 1741 2955 et
1788 2895 2135 2956 laboribus
2183 2893 2303 2977 (sc,
2347 2897 2411 2954 in
2455 2915 2531 2955 re
2578 2894 2854 2975 publica
2900 2897 3120 2975 gestis

664 2982 1089 3068 §38,15s19)
1138 2985 1480 3045 viventem
1535 3004 1670 3045 non
1721 2986 1997 3057 sentire,
2046 2985 2357 3065 „quando
2409 2985 2701 3064 obrepat
2743 2989 3119 3046 senectus“.
3224 2984 3229 2988 ’

662 3071 859 3135 Fals0
925 3075 1134 3154 igitur
1197 3071 1433 3135 Havet
1498 3072 1787 3156 (journal
1846 3074 1966 3134 des
2024 3081 2302 3134 savants
2355 3075 2543 3148 1902,
2590 3094 2655 3154 p.
2697 3073 2854 3154 401)
2903 3075 3119 3134 verba

552 3207 559 3211 -
664 3165 1027 3243 „septimus
1053 3199 1140 3207 —
1165 3163 1515 3224 desidero“
1547 3163 1818 3237 „adsum
1842 3199 1931 3208 ——
1951 3165 2123 3224 vita“
2156 3164 2336 3223 inter
2364 3183 2437 3224 se
2472 3171 2926 3243 transponere
2958 3162 3120 3224 vult.

660 3252 735 3313 In
786 3254 1033 3313 ceteris
1083 3273 1358 3333 quoque
1407 3254 1903 3332 suspicionibus
1960 3273 2094 3313 non
2146 3254 2309 3313 satis
2359 3252 2725 3332 diligenter
2772 3272 3113 3313 conexum

663 3344 1156 3402 sententiarum
1206 3344 1434 3402 verbis
1484 3343 1606 3416 eiS,
1665 3362 1843 3421 quae
1891 3341 2060 3413 vult,
2119 3343 2298 3403 inter
2353 3361 2428 3402 se
2477 3343 2908 3422 transpositis
2957 3361 3121 3402 con·-
3153 3384 3177 3424 ·.

662 3430 1001 3491 sideravit.

841 3517 994 3580 Hac
1041 3520 1106 3579 in
1155 3528 1352 3599 parte
1401 3519 1470 3598 ΠΑ
1519 3517 1714 3599 Otto
1776 3518 2074 3581 offensus
2126 3527 2231 3580 est
2279 3520 2545 3581 duobus
2593 3519 2771 3592 lociS,
2822 3521 2935 3580 ubi
2983 3517 3121 3581 Cic.

663 3616 907 3688 postea
970 3608 1165 3688 plura
1231 3628 1484 3688 magna
1562 3629 1713 3670 cum
1797 3609 2074 3672 levitate
2154 3609 2599 3670 inculcavisse
2678 3617 2890 3688 putat.
3004 3608 3115 3686 „In

663 3698 874 3778 §31st
929 3699 1146 3778 inquit
1208 3696 1244 3758 1.
1293 3717 1349 3758 0.
1411 3718 1475 3779 p.
1525 3700 1626 3770 95,
1680 3698 2148 3776 „unterbricht
2196 3698 2304 3758 die
2352 3696 2899 3778 Abschweifung
2948 3699 3123 3758 iiber

665 3787 796 3846 den
853 3789 1124 3866 greisen
1177 3785 1434 3847 Nestor
1497 3788 1686 3848 nicht
1744 3808 1869 3848 nur
1936 3788 2068 3848 den
2129 3786 2751 3866 Zusammenhang,
2818 3788 3118 3848 sondern

662 3895 801 3937 was
852 3876 958 3935 die
1008 3874 1454 3955 Hauptsache
1503 3878 1606 3949 ist,
1655 3878 1778 3937 der
1827 3879 1891 3936 in
1943 3876 2075 3937 den
2118 3874 2411 3938 Worten
2469 3895 2714 3956 „quam
2766 3877 2852 3936 ad
2900 3876 3148 3946 suavi-,

663 3973 877 4026 tatem
915 3963 1107 4024 nullis
1141 3966 1402 4044 egebat
1433 3968 1738 4047 corporis
1769 3967 2063 4027 viribus“
2118 3966 2514 4026 enthaltene
2552 3963 3121 4045 Grundgedanke

662 4053 957 4134 gehorte
1004 4053 1136 4114 viel
1185 4054 1352 4124 eher
1397 4074 1541 4115 zum
1599 4057 1653 4116 1.
1703 4055 1827 4115 der
1873 4056 1915 4114 4
1953 4054 2455 4135 Hauptpunkte
2507 4055 2627 4115 der
2673 4075 2939 4134 ganzen
2973 4054 3122 4114 Ab·

663 4143 1071 4222 handlung.“
1137 4143 1357 4204 'Immo
1393 4142 1515 4204 illis
1545 4164 1634 4204 ex
1665 4146 1894 4205 verbis
1927 4153 2125 4224 patet
2157 4143 2548 4224 exemplum
2570 4142 2882 4204 Nestoris
2915 4164 2954 4204 a
2985 4139 3123 4206 Cic.

665 4233 749 4292 ad
788 4241 1053 4312 partem
1090 4231 1167 4294 Π.
1208 4234 1464 4313 optime
1503 4233 1902 4313 adaptatum
1940 4253 2111 4307 esse,
2142 4235 2209 4295 in
2251 4226 2387 4314 qua
2417 4234 2595 4295 idem
2636 4242 3116 4313 argumentum

665 4321 1037 4381 adhibitum
1091 4327 1243 4382 esse
1294 4330 1501 4402 atque
1557 4324 1624 4382 in
1672 4331 1870 4402 parte
1917 4322 1948 4383 1
2005 4324 2130 4400 iam
2186 4323 2493 4383 diximus,
2584 4320 2957 4382 Praeterea
3012 4321 3123 4381 ille

663 4411 764 4471 vir
813 4411 1053 4472 doctus
1102 4410 1427 4491 neglexit,
1479 4430 1678 4491 quam
1732 4419 1881 4473 arte
1928 4413 2183 4472 initium
2240 4413 2431 4472 huius
2480 4412 2516 4491 ξ
2558 4414 2636 4471 31
2690 4430 2838 4472 cum
2892 4412 3124 4472 verbis

665 4500 1234 4560 antecedentibus
1301 4500 1686 4562 cohaereat.
1786 4499 1969 4561 Finis
2038 4498 2082 4584 ἓ
2150 4502 2419 4582 quidem
2491 4501 2823 4580 digressio
2889 4501 3126 4561 vocari

663 4596 912 4669 potest,
945 4597 1066 4649 sed
1090 4587 1223 4651 Cic.
1257 4590 1403 4669 ipse
1432 4591 1657 4650 verbis
1697 4591 1860 4668 „sed
1895 4591 2105 4651 redeo
2140 4591 2402 4673 adnme“
2442 4591 2620 4650 hanc
2649 4591 3122 4669 egressionem
