3584 5475
1667 558 2108 646 ..424-

662 767 839 839 inde‚
889 766 1072 846 quod
1111 766 1423 838 „tibicine
1467 774 1761 827 canente
1812 763 2077 825 funale“
2117 760 2284 845 (Liv.
2315 762 2641 843 periocha
2680 763 2785 844 17)
2831 764 2891 822 ei
2926 781 3121 842 prae-

662 856 867 916 latum
923 874 1074 915 esse
1124 855 1447 915 traditum
1489 864 1593 916 est
1626 892 1712 901 —
1746 853 1994 917 deinde
2029 854 2236 932 ipsius
2268 852 2742 913 sodalitatibus
2780 852 3116 913 uberrime

663 943 775 1025 (cf.
809 964 872 1025 p.
910 942 993 1025 7).
1059 944 1277 1005 Etiam
1324 945 1845 1025 tempestivis
1893 943 2218 1003 conviviis
2265 962 2338 1002 se
2388 941 2516 1002 frui
2564 943 2627 1002 in
2680 941 2716 1022 ξ
2757 943 2841 1003 46
2892 942 3120 1021 pergit

660 1035 890 1096 verbis
955 1053 1124 1107 „non
1192 1032 1518 1113 intellego
1587 1052 1674 1094 ne
1739 1034 1806 1093 in
1864 1032 2010 1092 istis
2069 1030 2186 1113 (sc.
2228 1029 2561 1113 corporis)
2623 1030 2896 1111 quidem
2958 1032 3119 1111 ipsis

662 1123 1127 1203 voluptatibus
1171 1141 1407 1183 carere
1441 1141 1645 1184 sensu
1689 1128 2155 1183 senectutem“
2189 1139 2519 1201 expresse
2564 1121 3119 1181 commemoratis

661 1214 966 1291 corporis
1003 1211 1428 1292 voluptatum
1472 1211 2012 1283 delectamentiS‚
2048 1229 2217 1290 quas
2250 1211 2315 1270 in
2350 1210 2539 1271 initio
2574 1211 2787 1290 partis
2820 1208 2927 1270 ΠΙ.
2963 1228 3116 1269 cum

660 1302 977 1381 Archyta
1025 1300 1226 1380 plane
1261 1301 1662 1381 repudiavit,
1697 1318 2131 1381 quamquam,
2173 1300 2407 1377 utiam
2450 1300 2515 1359 in
2554 1296 2590 1383 ξ
2626 1302 2708 1361 45
2746 1297 2856 1379 (cf.
2890 1318 2953 1379 p.
2988 1297 3119 1380 23),

617 1391 888 1451 ·verbis
945 1400 1092 1463 „me
1147 1409 1314 1451 vero
1373 1426 1459 1435 —
1513 1389 1797 1471 poculo“
1856 1389 2059 1449 animi
2117 1387 2591 1449 delectationis
2650 1389 2980 1448 memoria
3026 1386 3119 1449 fit.

657 1478 761 1540 Ita
827 1478 919 1553 fit,
986 1487 1059 1539 ut
1124 1479 1189 1539 in
1258 1476 1295 1562 ξ
1347 1481 1428 1540 47
1500 1479 1929 1541 adversarius
1996 1479 2272 1538 obicere
2340 1479 2556 1558 possit
2622 1478 2759 1549 „At
2816 1496 2953 1538 non
3011 1486 3119 1537 est

657 1567 1084 1647 voluptatum
1135 1576 1328 1629 tanta
1364 1570 1556 1648 quasi
1590 1567 1935 1629 titillatio“.
2014 1566 2168 1627 Hoc
2200 1564 2541 1627 refutatur
2570 1566 2875 1627 similiter
2908 1575 3116 1646 atque

658 1659 722 1718 in
775 1658 811 1738 ξ
846 1661 921 1719 21
978 1656 1312 1739 (,‚credo“)
1346 1658 1632 1737 primum
1671 1658 2017 1717 sententia
2050 1657 2467 1730 brevissima,
2512 1656 2759 1717 deinde
2795 1655 3116 1736 exemplo

657 1744 1035 1827 SophocliS‚
1104 1746 1398 1827 denique
1468 1745 1930 1827 compluribus
1994 1745 2226 1806 verbis
2288 1748 2401 1818 ita,
2462 1753 2534 1807 ut
2590 1758 2743 1807 cum
2806 1747 2869 1805 in
2928 1746 3116 1806 initio

659 1836 924 1909 dixerit,
973 1834 1130 1896 illud
1190 1838 1630 1916 opprobrium
1693 1855 1829 1896 non
1882 1834 2225 1895 molestias
2273 1835 2628 1916 praebere,
2678 1834 2785 1895 hic
2837 1834 3117 1895 demon-

657 1933 913 1986 stretur
978 1927 1183 1985 etiam
1259 1925 1609 1986 utilitatem
1680 1924 1836 1986 illud
1912 1926 2169 1985 crimen
2240 1924 2434 1993 dare:
2504 1932 2711 2004 atque
2779 1925 2908 1985 iam
2980 1944 3113 1984 non

656 2016 1049 2093 praeceptis
1107 2033 1371 2075 morum
1431 2023 1504 2075 ut
1562 2017 1627 2075 in
1677 2014 1754 2094 ἐξ
1789 2012 1991 2093 39142
2042 2012 2259 2074 allatis
2309 2014 2603 2074 obiectio
2654 2014 3117 2094 impugnatur,

657 2103 781 2163 sed
802 2104 912 2187 ita,
936 2111 1010 2164 ut
1030 2103 1300 2181 dicatur
1315 2123 1551 2164 senem
1578 2103 1967 2164 libidinibus
1988 2104 2236 2164 amoris
2259 2104 2609 2176 „satiatum
2634 2111 2702 2163 et
2729 2103 3114 2183 expletum*
3145 2162 3150 2171 ,

658 2212 808 2252 esse
856 2191 972 2272 (cf.
1019 2212 1259 2253 vocem
1297 2194 1717 2266 ‚‚iucundius“
1762 2193 1800 2273 ξ
1836 2194 1918 2252 47
1952 2190 2091 2272 fin).
2156 2192 2193 2271 ξ
2226 2194 2310 2255 48
2346 2189 2479 2254 Cic.
2514 2192 2706 2253 huius
2739 2192 3115 2272 particulae

657 2278 765 2364 (ἐξ
800 2282 1031 2363 44f48)
1066 2301 1397 2342 summam
1451 2281 1616 2343 facit
1658 2294 1869 2361 atque
1912 2279 2113 2342 finem
2169 2280 2278 2362 (cf.
2310 2281 2711 2361 particulam
2749 2280 3115 2364 „quodsi“):

656 2371 933 2451 „quodsi
982 2372 1124 2431 istis
1175 2369 1292 2451 (sc.
1341 2370 1674 2453 corporis)
1723 2373 1884 2450 ipsis
1926 2370 2390 2450 voluptatibus
2423 2373 2609 2431 bona
2643 2378 2836 2431 aetas
2870 2370 3115 2431 fruitur

656 2459 1006 2520 libentius“
1083 2459 1422 2542 (consulto
1498 2460 1673 2521 haec
1738 2480 1878 2521 vox
1950 2462 2014 2519 in
2085 2458 2220 2520 fine
2288 2462 2513 2540 posita
2578 2458 2728 2541 est),
2794 2462 3113 2522 iuventus

657 2551 976 2628 „primum
1013 2549 1309 2630 parvulis
1341 2550 1583 2611 fruitur
1611 2550 1819 2610 rebus
1850 2564 1920 2609 ut
1953 2550 2243 2609 diximus
2276 2548 2387 2629 (cf.
2418 2550 2560 2629 §45
2595 2558 2766 2610 extr.
2798 2551 3017 2629 „quod
3046 2551 3112 2609 in

657 2658 737 2699 eo
787 2658 1049 2718 genere
1100 2641 1442 2700 minimum
1500 2638 1684 2719 est“)‚
1744 2639 1992 2698 deinde
2042 2639 2137 2709 iis,
2187 2639 2432 2718 quibus
2480 2646 2803 2699 senectus
2850 2675 2930 2685 -—
2978 2658 3111 2699 non

655 2730 930 2789 omnino
991 2734 1232 2790 caret“.
1325 2728 1580 2789 Altera⁴
1626 2749 1786 2808 pars
1835 2729 2223 2788 sententiae
2274 2729 2563 2809 egregie
2614 2727 2984 2790 illustratur
3032 2730 3113 2789 si-

657 2817 1031 2878 militudine
1069 2838 1107 2878 a
1140 2837 1392 2878 scaena
1439 2819 1672 2898 petita.
1735 2817 1850 2877 Ad
1884 2817 2222 2878 vocabula
2266 2817 2595 2897 „parvulis
2626 2819 2885 2891 rebus“,
2936 2837 3111 2898 quae

652 2909 716 2966 in
767 2908 1103 2987 prioribus
1153 2927 1286 2968 non
1338 2909 1790 2980 inveniuntur,
1840 2905 2112 2966 Moore
2162 2906 2450 2967 adnotat
2484 2904 2855 2986 „referring
2890 2915 2959 2967 to
2993 2907 3111 2966 the

651 2996 936 3076 general
984 3005 1148 3057 tone
1208 2995 1278 3057 of
1315 2999 1396 3057 45
1445 2996 1583 3056 and
1622 2998 1706 3057 46
1742 2994 1905 3075 (and
1936 2997 2055 3056 the
2090 3004 2398 3057 contrast
2433 2995 2678 3076 higher
2708 2996 2868 3056 with
2906 2994 3114 3058 lower

650 3085 1044 3167 pleasure“).
1140 3085 1468 3166 Equidem
1521 3093 1687 3165 puto
1729 3082 1864 3146 Cio.
1915 3087 2145 3146 verbis
2195 3094 2302 3158 „ut
2352 3085 2675 3146 diximus“
2723 3083 3111 3166 significare

651 3176 1060 3236 sententiam
1117 3184 1495 3237 extremam
1560 3172 1724 3258 §45
1785 3182 1996 3254 atque
2054 3194 2203 3236 cum
2268 3173 2579 3236 Moorio
2628 3176 2849 3236 iudico
2900 3174 3110 3235 mu'lto

653 3263 889 3324 melius
940 3263 1266 3345 explicari
1313 3264 1422 3324 illa
1471 3267 1684 3326 verba
1725 3265 1941 3335 exiis,
1977 3283 2153 3344 quae
2187 3273 2594 3344 sequuntur:
2633 3265 3112 3344 voluptatibus

651 3355 954 3432 corporis
1015 3354 1223 3414 multo
1285 3352 1565 3414 meliora
1625 3373 1776 3414 esse
1839 3352 2348 3414 oblectamenta
2408 3355 2629 3414 animi.
2722 3353 2973 3414 Nescio
3024 3373 3109 3414 an

650 3441 804 3502 hinc
853 3462 1012 3522 spes
1057 3445 1140 3503 sit
1189 3443 1573 3504 inveniendi
1610 3442 1859 3522 aliquid
1897 3443 1982 3502 de
2026 3442 2218 3503 fonte
2254 3463 2293 3502 a
2326 3439 2460 3504 Cic.
2493 3444 2558 3503 in
2593 3443 2630 3523 ἓ
2668 3444 2753 3504 48
2788 3444 3110 3504 adhibita.

827 3530 1074 3592 Verbis
1133 3532 1168 3611 ξ
1217 3534 1302 3594 48
1357 3533 1539 3609 „istis
1598 3530 1716 3611 (sc.
1763 3529 2096 3613 corporis)
2156 3531 2620 3612 voluptatibus
2675 3533 2860 3593 bona
2918 3541 3110 3593 aetas

647 3619 886 3680 fruitur
954 3620 1307 3682 libentius“
1380 3617 1550 3682 Cato
1619 3622 1960 3682 concessit
2036 3621 2289 3702 aliquid
2365 3622 2776 3683 adversario,
2880 3619 3108 3700 Quare

645 3708 976 3789 particula
1040 3713 1186 3789 „at“
1253 3730 1409 3770 usus
1467 3712 1709 3770 transit
1770 3712 1855 3770 ad
1913 3710 2305 3790 voluptates
2362 3713 2565 3772 animi
2618 3709 2729 3793 (cf.
2773 3711 2809 3790 ξ
2852 3709 3109 3792 50,18),

646 3889 710 3947 in
760 3907 834 3947 re
884 3888 1157 3967 publica
1198 3889 1508 3968 gerenda
1546 3888 1815 3960 relictiS‚
1864 3891 2109 3969 quibus
2142 3890 2299 3950 solis
2328 3891 2589 3951 iuvenis
2625 3891 2847 3961 utitur,
2898 3891 3105 3950 otium

647 3975 756 4053 (cf.
789 3977 825 4057 ἓ
859 3979 962 4051 49,
987 3982 1022 4039 6
1056 3979 1314 4056 „otiosa
1345 3976 1740 4059 senectus·‘)
1784 3980 2013 4038 datum
2055 3988 2187 4050 est;
2225 3998 2475 4059 nempe
2512 3999 2647 4040 non
2682 3980 2867 4059 prius
2902 3997 3107 4058 quam

647 4066 956 4129 libidines
1023 4075 1332 4127 remotae
1381 4075 1564 4141 sunt,
1614 4069 1831 4128 otiose
1907 4087 2177 4146 „secum
2239 4070 2373 4130 vivi
2431 4076 2713 4148 potest.“
2808 4066 3103 4128 Primum

645 4154 846 4215 affert
902 4155 1290 4235 exemplum
1343 4153 1412 4217 C.
1463 4153 1613 4218 Gali
1679 4156 2007 4234 „studium
2074 4157 2469 4218 dimetiendi
2529 4176 2749 4237 paene
2809 4155 2979 4218 caeli
3038 4166 3108 4216 et

643 4249 933 4316 terrae“‚
1000 4245 1248 4305 deinde
1323 4245 1615 4324 „leviora
1681 4246 1922 4320 studia,
1988 4247 2111 4307 sed
2157 4256 2389 4307 tamen
2443 4248 2683 4307 acuta“
2746 4255 3100 4327 poetarum

644 4333 928 4415 (Naevii,
985 4332 1222 4405 Plauti,
1278 4333 1463 4408 Livii,
1523 4354 1724 4415 quem
1781 4336 1926 4415 ipse
1977 4335 2270 4417 viderit),
2328 4337 2625 4415 denique
2676 4335 2897 4396 studia
2950 4337 3107 4395 iuris

566 4499 572 4506 Ι
643 4430 715 4483 et
747 4421 1084 4503 loquendi.
1169 4423 1338 4484 Tum
1379 4425 1648 4484 demum
1703 4424 1868 4485 dicit
1914 4426 2038 4486 has
2085 4424 2475 4504 voluptates
2523 4424 2643 4508 (sc.
2688 4424 2917 4505 animi)
2969 4443 3103 4485 non

640 4602 856 4662 verba
912 4609 1274 4682 postquam
1337 4604 1681 4663 sententia
1745 4604 1957 4680 „haec
2018 4605 2244 4664 studia
2300 4604 2653 4665 doctrinae
2716 4641 2792 4649 -—
2849 4605 3109 4684 pariter
