3584 5475
1542 573 1985 631 *27-

529 770 656 814 nec
693 770 809 811 usu
866 751 1137 812 uberius
1184 769 1314 811 nec
1348 752 1579 830 specie
1615 750 1971 821 ornatius“,
2022 749 2267 828 quibus
2301 767 2633 808 summam
2672 744 2751 830 ἐξ
2788 744 2985 829 56157

527 838 706 901 facit.
740 876 824 883 -
860 838 1270 919 Voluptates
1290 841 1472 900 Vitae
1504 840 1800 899 rusticae
1823 858 1974 899 cum
2002 838 2315 898 omnibus
2341 839 2407 897 in
2426 856 2583 897 rure
2605 838 2992 897 viventibus

529 929 783 1009 gaudia
808 931 1209 1009 praebeant,
1243 925 1376 990 Cic.
1399 928 2009 989 demonstrandum
2042 935 2148 987 est
2168 928 2537 1008 praecipue
2567 928 2714 986 seni
2736 926 2989 1005 gaudio

532 1020 828 1079 maximo
879 1038 1048 1079 esse.
1127 1016 1282 1079 Hoc
1333 1026 1811 1098 argumentum
1866 1017 1995 1077 iam
2032 1018 2097 1077 in
2132 1017 2320 1077 initio
2360 1018 2567 1077 totius
2606 1016 2801 1077 huius
2840 1035 2991 1094 par-

530 1107 775 1169 ticulae
810 1117 1412 1169 commemoratum
1439 1104 1502 1190 (§
1527 1109 1684 1179 51,2
1721 1126 1885 1179 „nec
1919 1105 2047 1167 ulla
2078 1106 2538 1185 impediuntur
2568 1103 2989 1186 senectute“)
3062 1166 3065 1170 ,

530 1198 661 1259 hoc
719 1198 864 1278 ipso
925 1197 1074 1257 loco
1135 1196 1352 1270 affert,
1409 1196 1592 1276 quod
1649 1195 1756 1257 illa
1815 1195 2241 1256 beatitudine
2295 1194 2499 1255 modo
2552 1196 2618 1255 in
2669 1190 2747 1277 ἓξ
2793 1196 2988 1274 56157

533 1288 877 1367 descripta
897 1295 1219 1347 senectus
1243 1286 1540 1346 maxime
1563 1293 1730 1365 eget
1751 1282 1814 1368 (ξ
1830 1287 1908 1347 57
1926 1292 2097 1345 extr.
2120 1285 2267 1357 „ubi
2290 1285 2466 1345 enim
2482 1283 2989 1359 —salubrius“),

534 1385 740 1455 atque
775 1378 869 1436 ita
902 1374 1121 1449 affert,
1157 1383 1228 1436 ut
1261 1377 1668 1436 sententiam
1707 1375 1869 1455 §51‚
1893 1377 1928 1434 2
1952 1381 2211 1453 augeat
2233 1374 2377 1451 (,‚ad
2401 1392 2606 1453 quem
2630 1371 2986 1433 fruendum

534 1485 666 1526 non
704 1466 908 1526 modo
943 1485 1078 1526 non
1114 1465 1439 1537 retardat,
1480 1464 1605 1525 sed
1644 1466 1846 1524 etiam
1884 1464 2127 1524 invitat
2159 1471 2230 1523 et
2263 1461 2564 1523 adlectat
2597 1463 3005 1543 senectus“).-

533 1554 686 1615 Hoc
743 1555 808 1615 in
861 1552 994 1615 fine
1052 1554 1087 1633 ξ
1133 1556 1215 1616 58
1273 1552 1650 1627 confirmat,
1707 1572 1861 1614 cum
1924 1551 2225 1613 ostendit
2280 1571 2483 1612 senes
2538 1553 2670 1611 iam
2730 1570 2865 1611 non
2921 1558 2995 1611 ut

531 1646 814 1704 iuvenes
881 1644 1270 1710 desiderare
1339 1644 1872 1703 exercitationes
1939 1652 2011 1701 et
2075 1640 2371 1702 lusiones
2438 1642 2661 1721 campi
2726 1639 2994 1700 Martii

535 1733 644 1815 (cf.
678 1734 818 1812 §36
860 1734 998 1793 init.
1039 1733 1398 1807 „utendum
1439 1733 2043 1793 exercitationibus
2077 1730 2434 1807 modicis“),
2472 1730 2593 1790 sed
2628 1736 2995 1790 contentos

535 1842 685 1883 esse
755 1821 939 1895 „talis
1007 1831 1079 1881 et
1142 1824 1470 1893 tesseris“,
1540 1822 1784 1902 quibus
1852 1822 1907 1881 si
1971 1820 2177 1881 modo
2236 1819 2630 1882 desiderant
2684 1817 2988 1879 ludorum

537 1911 827 1982 deliciaS,
878 1913 941 1971 in
991 1930 1145 1971 rure
1197 1931 1472 1992 quoque
1524 1913 1616 1972 uti
1666 1912 1929 1990 possint
1979 1908 2091 1989 (cf.
2126 1910 2326 1970 etiam
2383 1906 2552 1970 Otto
2602 1907 2637 1971 l.
2672 1927 2727 1969 c.
2761 1927 2823 1987 p.
2864 1908 2995 1989 95).

533 2001 610 2062 In
642 2002 782 2082 §59
819 2000 1000 2062 nulla
1034 2002 1433 2061 transitione
1467 1999 1652 2061 facta
1674 1996 1809 2061 Cic.
1841 2000 1928 2060 ad
1958 2001 2170 2061 verba
2194 2018 2356 2072 „nec
2390 1999 2621 2077 specie
2658 1998 2993 2057 ornatius“

535 2110 849 2151 reversus
873 2110 962 2150 ex
976 2087 1443 2151 Oeconomico
1462 2087 1948 2169 Xenophontis
1972 2109 2070 2159 ea,
2098 2108 2275 2169 quae
2296 2085 2653 2168 Lysander
2666 2084 2995 2147 Sardibus

537 2180 717 2260 apud
768 2175 1020 2260 Cyrum
1077 2179 1340 2252 viderit,
1399 2188 1675 2239 enarrat
1732 2178 1998 2259 (oecon.
2052 2176 2167 2250 IV,
2218 2174 2472 2259 20125).
2559 2175 2712 2236 Hoc
2772 2175 2996 2236 elucet

535 2270 906 2350 praecipue
955 2289 992 2328 e
1042 2270 1385 2329 sententia.
1435 2287 1620 2341 „cum
1673 2269 2124 2329 admiraretur
2161 2264 2518 2346 Lysander
2566 2271 2747 2325 eto.“.
2825 2262 2992 2326 Cum

537 2356 753 2439 Cyrus
823 2378 1042 2418 senex
1107 2378 1242 2417 non
1310 2357 1532 2431 fuerit,
1599 2376 1927 2436 expresse
1995 2356 2157 2417 dicit
2221 2357 2286 2416 in
2346 2356 2529 2435 §60-
2568 2355 2730 2428 „hac
2789 2355 2997 2434 igitur

535 2448 810 2509 fortuna
861 2446 992 2508 frui
1040 2446 1200 2507 licet
1247 2448 1573 2521 senibus“,
1630 2448 1742 2506 ubi
1798 2465 1936 2507 vox
1985 2447 2328 2519 ,‚senibus“
2378 2442 2686 2505 consulto
2744 2444 2807 2503 in
2860 2441 2995 2503 fine

537 2539 760 2618 posita
794 2545 917 2598 est.
993 2535 1370 2597 Praeterea
1399 2538 1628 2597 verbis
1663 2544 1771 2609 „ut
1812 2535 2244 2615 intellegatis,
2294 2534 2450 2596 nihil
2492 2535 2555 2593 ei
2585 2542 2721 2593 tam
2759 2532 2995 2612 regale

539 2627 750 2688 videri
773 2646 972 2706 quam
1001 2626 1292 2686 studium
1325 2628 1473 2705 agri
1504 2624 1772 2686 colendi
1806 2621 2001 2687 Cato
2035 2623 2387 2684 Laelium
2429 2632 2500 2683 et
2535 2620 2990 2702 Scipionem

539 2724 790 2790 monet,
839 2735 925 2776 ne
975 2718 1144 2777 ruris
1193 2716 1482 2776 studium
1538 2715 1937 2800 despiciant.
2064 2709 2067 2711 ’

714 2805 786 2866 In
824 2807 1012 2866 initio
1036 2807 1072 2886 ξ
1095 2809 1177 2867 60
1203 2825 1340 2866 vox
1361 2805 1702 2877 ,‚fortuna“
1727 2825 1817 2865 ex
1836 2806 2180 2865 sententia
2203 2802 2642 2864 antecedenti
2663 2803 2998 2882 repetitur

541 2916 622 2956 eo
681 2893 1002 2956 videlicet
1058 2893 1354 2968 consili0‚
1413 2902 1485 2954 ut
1545 2895 1722 2955 hanc
1782 2891 1819 2977 ξ
1878 2913 2031 2954 cum
2091 2895 2316 2973 priore
2366 2900 2706 2952 conectat.
2802 2890 2995 2951 Haec
3057 2902 3060 2904 ’

538 2984 829 3057 fortuna,
881 3004 1014 3064 qua
1064 2984 1223 3044 licet
1270 2977 1400 3045 frui
1446 2984 1742 3057 senibuS,
1791 3004 1879 3044 ex
1928 2983 2148 3043 studio
2201 2984 2349 3062 agri
2396 2980 2665 3042 colendi
2714 2982 2997 3061 capitur.

540 3073 723 3154 Ergo
784 3072 1127 3134 fortunam
1178 3071 1334 3152 Cyri
1394 3072 1714 3153 gaudium
1779 3074 1961 3133 vitae
2010 3073 2304 3132 rusticae
2353 3070 2661 3150 intellegi
2709 3089 2995 3130 necesse

541 3174 664 3224 est.
757 3162 895 3223 Sed
965 3165 1042 3236 ei,
1111 3164 1224 3242 qui
1291 3163 1453 3242 §60
1510 3163 1808 3223 nondum
1882 3161 2067 3242 legit,
2135 3160 2404 3221 videtur
2459 3179 2597 3220 vox
2654 3158 2995 3231 „fortuna“

541 3253 854 3313 exeuntis
903 3249 1056 3334 §59
1109 3254 1453 3330 respicere
1505 3251 1590 3312 ad
1641 3247 2041 3331 „purpuram
2096 3258 2165 3310 et
2200 3251 2526 3310 nitorem“
2560 3246 2736 3328 Cyri.
2802 3244 2995 3325 Quae

541 3343 1016 3421 interpretatio
1053 3357 1202 3402 cum
1244 3341 1329 3401 ad
1363 3361 1640 3401 sensum
1675 3341 1801 3402 loci
1843 3359 1977 3400 non
2017 3339 2327 3420 quadret,
2351 3337 2704 3417 Landgraf
2724 3335 2815 3417 (in
2840 3337 2998 3398 edit.

542 3428 825 3492 Catonis
853 3451 937 3492 m.
973 3429 1052 3494 V.
1085 3430 1514 3491 Meissneri
1564 3429 1760 3512 1907)
1812 3431 2077 3490 censuit
2126 3430 2257 3489 vim
2310 3429 2768 3506 voci’‚,virtuti
2800 3433 2995 3486 tuae“

524 3517 978 3581 'tribuendum
1030 3539 1200 3592 esse,
1249 3521 1374 3580 sed
1420 3527 1565 3580 tum
1616 3519 2083 3601 quaerendum
2132 3529 2259 3592 est,
2308 3538 2442 3598 quo
2489 3517 2689 3577 modo
2727 3517 2995 3577 iteratio

543 3609 854 3671 vocabuli
892 3609 1233 3683 ,‚fortuna“
1270 3609 1678 3688 explicanda
1713 3611 1837 3670 sit?
1883 3608 1957 3669 In
1994 3606 2479 3687 Xenophontis
2513 3606 2700 3680 libro,
2739 3625 2828 3666 ex
2861 3625 2995 3685 quo

544 3697 676 3762 Cic.
723 3699 903 3760 hunc
953 3698 1169 3759 locum
1216 3698 1574 3771 transtulit,
1624 3698 1914 3778 legimus
1955 3697 2251 3771 ,ῥικαίως
2286 3693 2404 3777 μοι’
2440 3695 2663 3766 δοκεῖς,
2706 3693 2763 3756 ὦ
2795 3694 2997 3775 Κῦρε,

543 3788 865 3869 εὐδαίμων
929 3788 1097 3850 εἶναι.
1177 3787 1424 3867 ἀγαθὸς
1493 3787 1614 3868 γὰρ
1681 3789 1776 3849 ὢν
1842 3786 2003 3867 ἀνὴρ
2077 3785 2519 3866 εὐδαιμονεῖς“.
2623 3781 2758 3846 Cic.
2825 3785 2997 3845 haec

544 3879 848 3948 mutavit,
907 3897 1041 3938 non
1104 3877 1319 3938 solum
1383 3877 1568 3956 quod
1628 3877 1714 3937 ad
1769 3876 2058 3936 verbum
2107 3874 2463 3946 transferri
2511 3894 2644 3935 non
2695 3883 2997 3954 possunt,

544 3986 697 4027 cum
744 3968 1074 4047 temporis
1123 3967 1506 4046 praesentis
1554 3967 1985 4046 participium
2034 3965 2227 4026 verbi
2279 3969 2499 4038 ,‚esse“
2541 3982 2677 4024 non
2730 3965 2997 4037 existat,

545 4056 610 4115 id
661 4056 844 4135 quod
895 4055 1132 4117 Moore
1183 4055 1487 4127 adnotat,
1535 4055 1660 4115 sed
1709 4057 1915 4115 etiam
1964 4063 2041 4114 ut
2087 4055 2301 4114 verba
2348 4051 2457 4113 illa
2496 4052 2583 4112 ad
2616 4071 2805 4113 suum
2843 4071 2997 4131 pro-

545 4147 837 4224 positum
891 4146 1192 4225 adaptet.
1270 4143 1446 4205 Nam
1496 4144 2046 4205 transferendum
2098 4142 2226 4204 suit
2272 4143 2627 4222 „quoniam
2681 4141 3021 4204 fortunae.

545 4243 703 4294 tuae
781 4235 995 4294 virtus
1074 4235 1438 4295 coniuncta
1511 4240 1683 4306 est“;
1750 4230 1886 4295 Cic.
1953 4241 2178 4294 autem
2248 4229 2997 4302 vocabula‚‚‚fortunae

545 4324 790 4384 virtus“
848 4325 1025 4383 inter
1081 4343 1156 4383 se
1217 4324 1682 4396 commutavit,
1743 4331 1815 4383 ut
1873 4320 2214 4394 „fortuna“
2273 4319 2616 4400 significet
2674 4319 2995 4380 laetitiam

547 4432 632 4472 ex
680 4412 902 4473 studio
953 4413 1212 4492 agresti
1260 4423 1553 4491 captam.
1628 4411 1799 4472 Inde
1851 4410 2287 4471 manifestum
2337 4417 2443 4469 est
2490 4408 2621 4469 hoc
2670 4408 2819 4470 loco
2863 4406 2997 4470 Cic.

549 4521 680 4561 non
735 4521 884 4562 cum
939 4520 1022 4561 ea
1076 4520 1209 4581 qua
1261 4519 1433 4580 opus
1483 4509 1648 4573 erat,
1708 4499 2063 4580 diligentia
2114 4497 2603 4578 Xenophontis
2652 4498 2859 4559 verba
2911 4498 2997 4557 ad

547 4609 737 4650 suum
808 4610 996 4650 usum
1061 4589 1638 4664 accommodasse.
1729 4589 2177 4669 Paragrapho
2233 4589 2333 4658 60,
2402 4587 2589 4646 cuius
2657 4605 2997 4647 conexum
