3584 5475
1659 525 2098 585 -10—

653 702 754 760 vir
775 700 1130 762 Romanus
1162 709 1231 761 et
1262 701 1526 763 locutus
1557 709 1664 761 est
1696 713 1767 761 et
1787 703 2059 781 scripsit
2076 722 2337 776 revera,
2360 704 2814 763 disserentem
2838 703 3111 776 inducit,

653 790 775 850 sed
823 810 1014 851 suum
1068 792 1274 870 ipsius
1323 811 1584 851 morem
1635 792 1907 851 dicendi
1954 792 2017 851 in
2070 809 2221 851 eum
2274 791 2528 869 defert3
2580 812 2713 873 qua
2751 792 2835 852 de
2866 812 2941 853 re
2977 794 3109 853 iam

655 878 929 940 Moore
988 879 1024 940 l.
1066 899 1122 942 c.
1178 881 1242 940 in
1304 880 1664 941 introduct.
1715 878 1753 964 ξ
1808 884 1883 941 21
1945 888 2137 941 recte
2186 880 2525 942 iudicavit.
2615 881 2691 941 Id
2741 883 3110 962 praecipue

653 970 1086 1048 perspicuum
1141 977 1248 1029 est
1295 989 1385 1030 ex
1416 971 1604 1030 initio
1656 969 1691 1030 1.
1723 969 1784 1030 11
1817 968 2083 1031 Tuscul.
2115 969 2383 1049 Disput.
2417 968 2480 1054 (ξ
2516 970 2656 1053 20):
2709 979 3107 1051 „postquam

655 1057 968 1118 adamavi
1001 1058 1179 1119 hanc
1217 1060 1408 1139 quasi
1441 1058 1721 1119 senilem
1759 1058 2331 1121 declamationem
2366 1056 2774 1143 (of.1.1,§7),
2808 1061 3109 1121 studiose

655 1147 970 1227 equidem
1033 1155 1188 1208 utor
1246 1149 1495 1208 nostris
1551 1149 1803 1227 poetis;
1863 1149 1987 1209 sed
2045 1150 2261 1209 sicubi
2310 1148 2395 1209 illi
2445 1148 2866 1220 defecerunt,
2915 1156 3110 1210 verto

654 1238 799 1315 ipse
873 1235 1082 1297 multa
1150 1236 1234 1297 de
1305 1235 1604 1308 Graecis,
1674 1257 1758 1297 ne
1837 1256 1971 1317 quo
2041 1249 2445 1298 ornamento
2517 1240 2579 1298 in
2652 1239 2782 1299 hoc
2848 1257 3112 1318 genere

656 1325 1132 1405 disputationis
1181 1335 1451 1387 careret
1499 1328 1780 1392 oratio“.
1874 1326 2142 1406 Nempe
2193 1336 2407 1388 totum
2457 1347 2581 1407 per
2614 1324 2945 1389 Catonem
2985 1327 3112 1389 loci

654 1422 1012 1493 poetarum
1055 1414 1522 1476 Romanorum
1581 1415 1956 1476 afferuntur
1989 1419 2246 1494 (versus
2278 1416 2472 1477 Ennii
2505 1419 2572 1477 in
2605 1414 2685 1501 ἕξ
2724 1420 2821 1479 10.
2868 1418 2967 1479 14.
3013 1419 3111 1477 16.

657 1505 758 1575 50,
799 1503 906 1575 10;
956 1507 1054 1576 73,
1103 1504 1341 1566 Naevii
1394 1507 1460 1566 in
1507 1502 1681 1587 §Q
1729 1503 1999 1567 Caecilii
2049 1507 2110 1565 in
2147 1503 2226 1589 ἐξ
2263 1508 2362 1567 24.
2409 1507 2509 1569 25.
2554 1509 2677 1584 36),
2726 1526 2904 1586 quae
2955 1525 3112 1567 con-

656 1592 944 1654 suetudo
987 1603 1176 1654 certe
1221 1593 1428 1674 longe
1464 1616 1501 1655 a
1535 1592 1756 1655 Porcii
1805 1596 2105 1655 moribus
2155 1595 2482 1655 abhorret
2527 1593 2640 1677 (cf.
2676 1595 2947 1655 Moore
2990 1595 3025 1656 l.
3057 1614 3113 1655 c.

655 1680 859 1766 §20)‚
913 1703 1328 1764 quamquam
1389 1704 1523 1745 non
1588 1703 1802 1763 usque
1853 1704 1935 1745 eo
1986 1686 2320 1764 processit
2368 1680 2520 1757 Cic.‚
2572 1694 2643 1745 ut
2692 1682 3111 1747 Graecorum

655 1791 892 1833 versus
940 1783 1322 1852 poetarum⁵
1349 1773 1437 1834 illi
1485 1775 1739 1834 tribuat
1789 1774 1880 1853 (in
1915 1771 2057 1857 §73
2095 1773 2361 1835 Solonis
2405 1774 2699 1853 elogium
2747 1776 2812 1834 in
2847 1772 3114 1834 Tuscul.

654 1861 924 1941 Disput.
955 1862 1003 1936 I,
1049 1859 1088 1945 ξ
1127 1866 1248 1924 117
1298 1863 1697 1923 translatum
1738 1882 1870 1923 non
1911 1864 2116 1923 vertit
2151 1862 2236 1923 ad
2268 1862 2601 1942 verbum).
2663 1862 2908 1942 Neque
2952 1882 3113 1923 vero

659 1950 723 2009 id
783 1951 1228 2013 dissimulavit
1273 1950 1424 2027 Cic.‚
1483 1971 1652 2013 cum·
1685 1953 1750 2012 in
1811 1949 1945 2012 fine
2002 1949 2121 2035 §3
2192 1952 2373 2012 dicat
2438 1953 2606 2028 „iam
2669 1954 2844 2011 enim
2908 1953 3115 2030 ipsius

658 2037 936 2101 Catonis
1014 2061 1240 2101 sermo
1331 2041 1705 2121 explicabit
1793 2049 2145 2102 nostram
2240 2060 2510 2101 omnem
2592 2042 2676 2100 de
2754 2048 3114 2101 senectute

659 2132 1135 2191 sententiam“.
1229 2128 1439 2192 Suum
1487 2132 1706 2210 ipsius
1768 2131 1975 2209 igitur
2034 2150 2167 2190 non
2224 2130 2436 2189 solum
2500 2149 2756 2190 morem
2830 2130 3116 2202 dicendi,

658 2219 781 2278 sed
817 2222 1021 2281 etiam
1058 2222 1436 2280 sententias
1470 2222 1534 2279 in
1577 2217 1906 2281 Catonem
1962 2218 2214 2279 defert:
2266 2221 2590 2280 tertium
2637 2220 2783 2280 hoc
2823 2239 3115 2299 propo-

659 2309 896 2368 situm
934 2310 996 2368 in
1032 2310 1512 2389 componendo
1549 2308 1716 2369 libro
1753 2309 2007 2369 habuit.
2070 2307 2223 2369 Hoc
2259 2318 2484 2368 autem
2523 2309 2800 2369 consilio
2836 2318 3117 2369 coactus

661 2408 783 2473 est,
835 2406 904 2457 ut
947 2396 1277 2459 Catonem
1334 2398 1541 2458 multa
1577 2397 1966 2477 loquentem
2008 2395 2321 2476 fingeret,
2359 2416 2535 2477 quae
2571 2399 2656 2457 ab
2690 2396 2914 2458 indole
2949 2396 3116 2458 illius

662 2484 1080 2548 Graecorum
1151 2488 1587 2548 inimicissimi
1664 2486 1864 2566 plane
1932 2487 2402 2560 abhorrerent,
2480 2488 2850 2565 praecipue
2932 2486 3115 2547 locos

659 2573 958 2636 Platonis
999 2588 1070 2636 et
1109 2575 1594 2656 Xenophontis
1645 2572 1749 2658 (ἕξ
1786 2578 1885 2638 78.
1945 2578 2046 2636 59.
2108 2574 2333 2657 79s81)
2380 2583 2449 2635 et
2493 2595 2593 2647 ea,
2642 2595 2817 2656 quae
2860 2577 2925 2635 in
2960 2573 2999 2659 ξ
3036 2578 3131 2635 77·

661 2660 993 2725 Catonem
1061 2667 1362 2744 „ratione
1423 2685 1502 2726 ac
1554 2666 2013 2745 disputatione
2065 2664 2463 2745 impulsun1“
2518 2664 3115 2745 philosophantem

663 2755 748 2814 de
799 2756 1308 2817 immortalitate
1344 2757 1610 2816 animae
1644 2754 1859 2835 fingit.
1923 2754 2075 2816 Hac
2112 2755 2196 2814 de
2230 2775 2305 2815 re
2341 2754 2622 2815 Moore
2656 2757 2720 2814 in
2758 2755 3118 2816 introduct.

663 2863 811 2924 cap.
861 2845 953 2905 ΠΙ
1015 2846 1172 2922 „the
1232 2844 1409 2906 ideal
1457 2843 1668 2906 Cato“
1725 2846 1985 2924 optime
2054 2845 2425 2925 disputavit
2488 2842 2597 2926 (cf.
2647 2864 2745 2917 ea,
2806 2863 2983 2923 quae
3033 2845 3119 2904 ad

661 2934 964 3012 singulas
1021 2933 1100 3019 ἐξ
1161 2935 1411 3015 ubique
1472 2935 1798 3009 adnotat).
1907 2933 2134 2995 Recte
2193 2934 2374 2994 idem
2435 2934 2535 2994 vir
2593 2935 2835 2994 doctus
2895 2932 3119 2993 attulit

662 3021 946 3084 Tullium
977 3025 1128 3085 ·hac
1177 3025 1242 3085 in
1286 3044 1361 3084 re
1404 3034 1715 3085 secutum
1761 3043 1914 3084 esse
1959 3021 2444 3104 Xenophontis
2490 3019 3008 3102 Cyrupaediam,
3050 3023 3116 3082 in

665 3132 799 3193 qua
853 3111 1108 3193 „Cyrus
1157 3113 1261 3174 ille
1313 3134 1351 3173 a
1399 3111 1873 3193 Xenophonte
1911 3133 2047 3173 non
2086 3112 2173 3172 ad
2214 3113 2533 3172 historiae
2570 3110 2769 3171 fidem
2809 3113 3119 3190 scriptuS‚

665 3202 789 3262 sed
837 3203 920 3262 ad
972 3201 1272 3282 effigiem
1327 3205 1477 3263 iusti
1531 3204 1832 3283 imperii“
1895 3199 2029 3283 (ep.
2075 3202 2155 3261 ad
2197 3198 2322 3278 Qu.
2357 3200 2433 3261 fr.
2475 3200 2521 3274 I,
2567 3202 2665 3273 ll,
2711 3198 2822 3283 23)
2871 3201 3118 3262 eodem

663 3291 866 3351 modo
927 3300 1135 3372 atque
1183 3290 1352 3354 Cato
1422 3312 1554 3353 non
1613 3292 1740 3370 „ad
1806 3292 2127 3352 historiae
2195 3288 2418 3360 fidem,
2485 3290 2610 3350 sed
2667 3289 2753 3350 ad
2814 3288 3117 3371 effigiem

665 3377 798 3441 Cic.
855 3382 1063 3460 ipsius
1121 3383 1449 3461 scriptus'·‘
1516 3391 1648 3458 θεῖς
1718 3400 1947 3461 neque
2006 3381 2183 3441 enim
2254 3379 2765 3459 neglegendum
2839 3389 2947 3441 est
3013 3380 3120 3442 illo

665 3489 754 3529 ex
801 3471 1058 3550 scripto
1109 3470 1330 3551 locum
1378 3473 1445 3531 in
1481 3467 1742 3531 Catone
1793 3471 1967 3530 verti
2018 3467 2083 3553 (ξ
2122 3471 2219 3530 79.
2290 3468 2373 3530 cf.
2408 3471 2611 3529 etiam
2651 3471 2735 3529 ad
2776 3467 2815 3554 ξ
2856 3471 2939 3533 59
2986 3473 3122 3532 init.

665 3561 876 3619 verba
936 3563 1297 3639 sequentia
1358 3560 1553 3620 huius
1605 3558 1937 3639 epistulae
2000 3579 2211 3639 „quos
2270 3559 2545 3638 quidem
2599 3559 2806 3621 libros
2858 3559 3119 3641 (Xeno-

664 3648 967 3730 phontis)
1005 3669 1137 3710 non
1173 3652 1318 3709 sine
1353 3669 1561 3710 causa
1595 3657 1829 3710 noster
1860 3648 1968 3709 ille
1988 3647 2359 3708 Africanus
2394 3649 2479 3708 de
2517 3651 2829 3710 manibus
2863 3664 3115 3728 ponere

665 3757 797 3798 non
849 3738 1202 3815 solebat“).
1263 3738 1597 3799 Attamen
1649 3736 1784 3799 Cic.
1834 3737 1992 3798 illud
2039 3739 2268 3798 vitium
2337 3757 2425 3798 ne
2488 3739 2613 3799 sibi
2666 3740 2811 3818 quis
2860 3732 3115 3796 crimini

666 3827 800 3899 det,
850 3829 995 3907 ipse
1045 3836 1333 3888 excusat
1380 3829 1645 3888 duobus
1693 3828 1877 3901 locis,
1934 3828 2177 3907 quibus
2212 3823 2545 3888 Catonem
2596 3845 2827 3887 senem
2878 3820 3111 3880 litteris

667 3913 950 3977 Graecis
998 3917 1336 3979 studuisse
1389 3927 1622 3978 monet
1658 3915 1721 4001 (ξ
1755 3920 1827 3994 3;
1881 3919 1981 3992 26,
2028 3915 2113 3976 cf.
2148 3915 2346 3999 38)1).
2422 3916 2665 3977 Altero
2715 3913 2859 3971 loco
2909 3904 3108 4005 (§.26)

664 4003 906 4067 Catoni
958 4009 1081 4086 ipsi
1132 4009 1344 4067 verba
1390 4009 1626 4067 tribuit
1678 4006 1980 4082 „litteras
2014 4003 2319 4067 Graecas
2365 4005 2562 4065 didici
2602 4037 2685 4048 —-
2732 4008 2799 4058 ut
2842 4015 2922 4054 ea
2966 4012 3114 4072 ipsa

667 4097 828 4156 mihi
885 4105 1050 4156 nota
1107 4104 1355 4167 essent,
1425 4098 1669 4176 quibus
1728 4115 1837 4156 me
1897 4114 2075 4155 nunc
2144 4095 2475 4173 exemplis
2533 4090 2622 4150 uti
2679 4085 2985 4156 videtis“,
3043 4089 3117 4143 ut

852 4273 887 4336 ι)
926 4273 1189 4324 Similiter
1224 4273 1279 4322 in
1321 4271 1746 4338 „Academicis“
1788 4270 2039 4322 Catulum
2090 4276 2149 4322 et
2186 4269 2464 4320 Lucullum
2514 4264 2585 4313 de
2623 4262 2792 4311 rebus
2831 4260 3009 4311 acutis
3047 4259 3116 4308 ab

666 4345 770 4394 illis
809 4345 1001 4395 alienis
1040 4345 1388 4411 disputantes
1435 4343 1568 4394 fecit
1607 4348 1773 4409 atque
1814 4348 2104 4411 tantopere
2144 4345 2335 4392 contra
2370 4335 2631 4386 historiae
2667 4331 2857 4394 fidem,
2888 4337 2946 4382 ut
2970 4331 3119 4380 hunc

666 4415 944 4482 dialog-um
987 4421 1328 4466 commutare
1367 4416 1556 4475 vellet,
1606 4415 1662 4464 id
1700 4415 1852 4481 quod
1891 4431 1966 4466 ex
2014 4413 2251 4480 epistula
2288 4409 2373 4459 ad.
2412 4408 2525 4457 Att.
2567 4403 2761 4485 (XVI,·
2784 4403 2867 4465 19,
2895 4403 2959 4484 5).
2989 4402 3122 4452 data

667 4487 1052 4552 cognovimus.
1128 4487 1209 4538 Cf.
1268 4487 1432 4538 etiam
1483 4501 1627 4552 quae
1685 4487 1771 4536 ad.
1821 4487 1936 4537 Att.
1988 4485 2157 4552 (X1V,
2199 4481 2281 4542 16,
2316 4477 2371 4545 3)
2419 4478 2492 4528 de
2538 4491 2798 4544 personis
2844 4476 2963 4525 libri
3013 4473 3121 4540 „de

667 4559 917 4609 oratore“
959 4559 1160 4609 scribit.
