3584 5475
1491 595 1924 653 ...23..

471 768 675 828 etiam
730 768 872 829 aliis
920 769 1084 832 locis
1133 776 1280 830 arta
1329 771 1617 831 conexio
1669 771 1848 831 desit
1893 770 1999 851 (cf.
2032 790 2095 851 p.
2132 773 2237 847 21)
2287 780 2359 832 et
2397 791 2498 844 ea,
2548 793 2725 853 quae
2776 793 2925 834 cum

470 859 820 937 proposito
872 860 1093 921 minus
1152 867 1300 919 arte
1357 859 1750 932 cohaerent,
1818 869 2110 930 enarrat,
2175 880 2329 922 cum
2391 870 2724 942 appareat
2780 882 2928 923 eam

472 965 622 1006 esse
693 949 1259 1009 consuetudinem
1339 948 1648 1022 senilem,
1730 968 1932 1029 quam
2016 946 2151 1011 Cic.
2231 950 2741 1031 depingendam
2810 953 2935 1012 sibi

470 1038 826 1115 proposuit
875 1034 976 1114 (cf.
1010 1057 1073 1118 p.
1112 1040 1167 1098 7.
1216 1037 1294 1112 9).
1379 1036 1681 1098 Eandem
1743 1038 2231 1119 loquacitatem
2289 1040 2355 1099 in
2405 1042 2718 1119 sequenti
2768 1041 2805 1121 ξ
2847 1042 2931 1102 43

469 1126 877 1197 invenimuS,
937 1128 1052 1187 ubi
1112 1126 1458 1199 nonnulla,
1514 1130 1885 1208 praecipue
1947 1126 2179 1188 ultima
2224 1129 2464 1202 verba,
2522 1148 2671 1190 cum
2736 1149 2934 1209 argu-

471 1222 706 1275 mento
773 1218 987 1295 partis
1043 1216 1152 1279 111.
1219 1235 1353 1276 non
1422 1224 1616 1277 recta
1680 1218 1790 1277 via
1856 1217 2250 1279 cohaerent.
2345 1215 2477 1281 Cic.
2541 1220 2687 1298 ipse
2754 1219 2933 1280 hunc

473 1322 733 1364 morem
783 1304 1061 1366 senilem
1115 1306 1309 1385 quasi
1357 1314 1644 1366 excusat
1680 1306 1909 1366 verbis
1959 1302 2116 1389 §44
2167 1325 2488 1386 „quorsus
2536 1308 2744 1387 igitur
2791 1315 2931 1368 tam

472 1393 683 1453 multa
732 1394 817 1453 de
866 1394 1294 1475 voluptate?“
1386 1394 1556 1455 Item
1613 1414 1748 1457 non
1808 1395 1871 1456 in
1924 1415 2007 1456 eo
2058 1395 2330 1468 haere0‚
2390 1397 2573 1476 quod
2632 1398 2696 1457 in
2746 1399 2973 1457 initio·

472 1483 644 1562 §44
709 1483 946 1544 similia
1025 1484 1342 1545 dicuntur
1419 1492 1626 1564 atque
1706 1486 1770 1545 in
1850 1486 2038 1546 initio
2105 1485 2301 1565 ξ42,
2373 1487 2690 1566 quoniam
2760 1484 2932 1546 tales

470 1573 917 1651 repetitiones
982 1574 1110 1634 iam
1173 1575 1238 1633 in
1292 1573 1341 1653 ’ξ
1396 1575 1471 1635 17
1542 1583 1612 1634 et
1665 1577 1771 1648 19,
1838 1576 1903 1633 in
1970 1571 2007 1657 ξ
2059 1576 2137 1635 27
2206 1582 2277 1635 et
2326 1578 2407 1637 32
2474 1584 2933 1636 occurrerunt.

471 1661 784 1732 Accedit,
844 1664 1027 1743 quod
1085 1665 1149 1723 in
1220 1664 1256 1742 ἓ
1304 1664 1391 1725 44
1453 1672 1774 1724 senectus
1833 1663 2043 1724 multo
2100 1665 2319 1744 magis
2369 1663 2681 1724 laudatur
2730 1683 2930 1744 quam

471 1753 535 1811 in
587 1750 623 1830 ξ
670 1753 755 1811 42
805 1752 864 1831 (ξ
912 1754 995 1813 42
1065 1770 1417 1832 „magnam
1491 1771 1642 1811 esse
1710 1753 2097 1813 habendam
2168 1754 2504 1813 senectuti
2572 1755 2930 1832 gratiam“;

472 1841 508 1919 ξ
565 1842 650 1903 44
725 1860 1027 1918 „summa
1094 1841 1236 1902 laus
1320 1843 1694 1901 senectutis
1779 1845 1925 1902 est“
1997 1840 2081 1904 cf.
2140 1861 2203 1921 p.
2254 1841 2382 1923 20).
2503 1841 2657 1902 Hoc
2729 1842 2930 1903 modo

471 1932 690 2009 prima
755 1930 1085 2010 particula
1161 1939 1324 2012 apte
1371 1930 1817 1995 ,concluditur
1881 1932 2068 1991 initio
2137 1928 2173 2015 ξ
2223 1933 2327 2004 44,
2395 1950 2530 2009 qua
2594 1934 2934 1991 sententia

472 2019 508 2099 ἓ
549 2022 631 2080 39
681 2021 988 2080 ineuntis·
1024 2027 1363 2099 augeatur
1409 2019 1743 2101 simulque
1786 2039 1961 2081 voce
2011 2039 2301 2100 „magno
2354 2026 2597 2100 opere“
2648 2020 2932 2093 adiecta,

473 2108 655 2188 quod
706 2108 1110 2169 vocabulum
1173 2108 1379 2179 deest,
1438 2110 1501 2169 in
1561 2110 1789 2171 verbis
1855 2109 2180 2170 similibus
2244 2109 2280 2189 ξ
2328 2111 2412 2169 42
2478 2112 2610 2188 („ut
2670 2109 2737 2168 id
2796 2128 2927 2169 non

473 2198 790 2273 liberet“),
848 2197 1217 2277 voluptatis
1281 2199 1692 2278 vituperatio
1757 2198 2364 2260 vehementissima
2433 2200 2785 2278 mitigatur
2850 2218 2933 2258 ea

473 2297 724 2360 mente,
766 2296 838 2347 ut
870 2289 1195 2348 transitus
1234 2286 1352 2347 fiat
1393 2288 1478 2347 ad
1519 2295 1927 2367 sequentem
1973 2286 2393 2368 particulam,
2434 2308 2567 2368 qua
2604 2286 2931 2366 voluptati

475 2375 758 2456 „aliquid
810 2377 1060 2443 datur“.
1157 2375 1404 2438 Verbis
1453 2378 2191 2450 „caret-—-insomniis“
2241 2377 2394 2437 illud
2449 2386 2925 2455 argumentum

393 2472 396 2476 ’
475 2487 564 2527 ex
621 2463 658 2549 ξ
709 2466 954 2547 39sqq.
1010 2468 1375 2547 repetitum
1448 2465 1817 2527 illustratur
1881 2468 2272 2547 praeceptis
2334 2486 2468 2527 non
2529 2474 2601 2525 ut
2656 2465 2786 2526 illic
2846 2486 2932 2526 ex

473 2557 776 2618 moribus
805 2558 1159 2635 promptiS,
1191 2557 1313 2616 sed
1347 2576 1438 2615 ex
1467 2557 1773 2636 corporis
1804 2557 2129 2627 sanitate;
2166 2575 2301 2635 qua
2336 2557 2933 2635 argumentatione

475 2645 602 2708 alio
640 2644 848 2705 modo
881 2647 1122 2706 iterum
1159 2647 1484 2706 transitus
1515 2642 1592 2705 fit
1619 2645 1707 2705 ad
1731 2645 2104 2706 secundam
2136 2644 2556 2725 particulam,
2590 2645 2701 2704 ubi
2731 2644 2932 2723 plane

475 2735 670 2797 aliter
710 2734 794 2795 de
836 2733 1189 2815 voluptate
1229 2735 1578 2798 iudicatur.
1655 2734 1760 2796 Ex
1799 2735 1928 2796 hac
1966 2737 2427 2797 inconstantia
2465 2731 2597 2798 Cic.
2632 2753 2791 2814 spes
2832 2743 2937 2795 est

371 2893 380 2899 ,
475 2846 599 2886 nos
649 2824 902 2904 aliquid
950 2845 1191 2886 eruere
1241 2845 1446 2905 posse
1498 2824 1583 2884 de
1630 2819 1936 2886 fontibus
1985 2825 2320 2888 adhibitis.

653 2913 896 2975 Altero
947 2917 1122 2975 enim
1179 2913 1346 2976 Cato
1400 2914 1608 2974 utitur
1647 2924 2058 2994 argumento
2102 2911 2164 2998 (ξ
2199 2917 2285 2975 44
2332 2910 2655 2994 med.s64)
2696 2933 2928 2974 senem

475 3024 609 3065 non
660 3002 864 3082 plane
920 3003 1388 3082 voluptatibus
1437 3022 1694 3064 carere.
1785 3003 2184 3064 Adversarii
2242 3005 2582 3063 sententia
2654 3022 2808 3063 cum
2868 3004 2930 3062 in

475 3093 1048 3154 antecedentibus
1071 3090 1152 3175 ἐξ
1183 3083 1514 3152 concessa
1545 3094 1648 3164 sit,
1681 3111 1861 3152 nunc
1892 3094 2350 3171 impugnatur,
2374 3101 2581 3171 atque
2604 3090 2934 3170 voluptaS,

476 3202 629 3244 cum
675 3190 883 3242 antea
926 3203 1014 3242 ex
1059 3183 1378 3262 opinione
1423 3180 1806 3261 philosophi
1844 3180 2268 3260 Pythagorei
2311 3200 2646 3240 summum
2686 3179 2928 3240 malum

475 3273 810 3345 reiciatur,
889 3291 1070 3332 nunc
1139 3273 1330 3352 quasi
1409 3272 1661 3331 bonum
1744 3272 1847 3342 sit,
1925 3268 2253 3330 laudatur.
2340 3269 2542 3329 ⁴Inde
2610 3271 2696 3329 ab
2767 3265 2803 3351 ξ
2848 3269 2935 3330 44

478 3363 861 3442 opinionem
902 3362 989 3421 de
1021 3361 1374 3441 voluptate
1405 3359 1609 3442 plane
1641 3367 1970 3420 mutatam
2012 3379 2183 3431 esse,
2216 3378 2625 3439 quamquam
2653 3360 2933 3418 ineunte

479 3449 515 3535 ξ
558 3452 644 3511 44
691 3450 1031 3530 paululum
1075 3451 1444 3512 indicatum
1501 3459 1608 3510 est
1647 3449 1756 3531 (cf.
1806 3447 2057 3531 supra),
2100 3458 2330 3509 tamen
2386 3447 2566 3508 nulla
2617 3448 2934 3508 distincta

475 3539 876 3601 transitione
935 3539 1358 3620 significatur
1414 3539 1668 3623 (verbis
1731 3541 1907 3600 enirn
1960 3557 2407 3619 „quamquam
2460 3573 2543 3582 —-
2596 3547 2801 3610 caret,
2851 3573 2933 3580 —

476 3638 742 3710 potest“
791 3630 1074 3690 verbum
1132 3636 1439 3702 „carere-‘⁶
1490 3650 1579 3690 ex
1616 3631 1953 3709 prioribus
2001 3626 2363 3709 repetitur)
2414 3635 2620 3706 atque
2670 3628 2935 3687 nonnisi

479 3719 722 3779 leviter
770 3718 1108 3778 indicatur
1151 3720 1379 3780 verbis
1414 3715 1556 3800 §46
1595 3738 1714 3792 „ne
1750 3719 2025 3778 omnino
2059 3716 2310 3777 bellum
2346 3716 2667 3776 indixisse
2703 3716 2937 3776 videar

477 3805 828 3885 voluptati,
877 3809 1066 3866 cuius
1115 3816 1221 3867 est
1267 3806 1560 3868 fortasse
1611 3807 1881 3886 quidam
1938 3805 2262 3867 naturalis
2312 3804 2607 3865 modus“.

655 3894 950 3955 Primum
1003 3903 1247 3957 contra
1295 3897 1567 3956 tertium
1611 3897 1986 3956 senectutis
2021 3897 2277 3956 crimen
2316 3894 2664 3953 disseritur
2697 3912 2929 3953 senem

439 4005 614 4046 .non
672 3984 875 4065 plane
932 4003 1167 4045 carere
1225 3984 1690 4065 voluptatibus
1748 3986 2117 4064 corporis
2174 3979 2239 4064 (ξ
2274 3979 2527 4064 44s48),
2576 3982 2820 4061 quibus
2868 3983 2934 4042 in

479 4075 929 4155 sequentibus
978 4070 1058 4157 ἐξ
1111 4083 1548 4154 opponuntur
1583 4074 1892 4147 „animi“
1929 4071 1995 4156 (ξ
2028 4074 2132 4144 49,
2170 4071 2232 4151 1)
2269 4070 2675 4151 voluptates,
2740 4069 2933 4130 Haec

480 4165 735 4238 divisio,
770 4160 996 4224 etsiin
1034 4160 1071 4247 ξ
1104 4165 1189 4225 45
1227 4162 1340 4244 (cf.
1382 4161 1418 4246 ξ
1452 4162 1565 4243 46)
1600 4163 1895 4236 indicata
1934 4170 2040 4222 est
2080 4161 2307 4222 verbis
2342 4179 2602 4240 „neque
2636 4161 2811 4219 enim
2853 4195 2934 4202 —-

483 4255 872 4324 metiebar“,
919 4261 1154 4313 tamen
1207 4253 1404 4313 deest
1452 4254 1516 4312 in
1568 4253 1755 4312 initio
1806 4252 2001 4311 huius
2047 4249 2422 4330 particulae
2457 4247 2520 4331 (ξ
2554 4249 2699 4328 44);
2751 4249 2937 4328 quod

479 4346 711 4404 nescio
764 4351 981 4403 utrum
1037 4341 1344 4404 consulto
1407 4341 1659 4402 factum
1715 4343 1805 4400 sit
1852 4360 1935 4400 an
1987 4360 2075 4400 ex
2122 4338 2575 4418 neglegentia
2624 4339 2937 4417 quadam.

481 4432 821 4494 Modicis
869 4433 1196 4493 conviviis
1243 4450 1447 4492 senes
1497 4430 1825 4491 delectari
1871 4448 2075 4509 posse
2121 4426 2289 4489 Cato
2325 4425 2614 4487 illustrat
2645 4428 2931 4507 primum

482 4520 798 4602 exemplo
847 4521 918 4583 C.
965 4521 1187 4595 Duilii,
1255 4540 1459 4600 quem
1526 4523 1674 4600 ipse
1741 4538 1913 4599 puer
1978 4537 2189 4598 saepe
2249 4516 2496 4578 viderit
2542 4551 2627 4559 —
2676 4535 2811 4595 quo
2869 4518 2933 4576 in
3012 4511 3019 4520 ’

482 4610 800 4690 exemplo
858 4609 1037 4671 illum
1099 4612 1372 4690 saepius
1430 4611 1869 4671 convivatum
1920 4627 2072 4668 esse
2122 4607 2505 4667 coniectum
2562 4613 2669 4664 est
2717 4624 2756 4664 a
2801 4601 2936 4666 Cic.
