3584 5475
1450 564 1893 623 —31-

447 742 630 802 vitae
681 760 810 802 nec
859 740 1058 801 avide
1109 740 1572 821 appetendum
1624 742 1712 801 sit
1761 740 2079 800 senibus⁵‘
2119 738 2663 801 concludendum
2702 742 2906 801 estin

450 829 689 891 lacuna
738 832 1083 891 exstitisse
1126 829 1300 890 illam
1341 827 1721 891 Stoicorum
1761 829 2161 902 doctrinam,
2198 830 2515 909 quoniam
2553 829 2665 889 illa
2698 832 2909 889 verba

449 939 537 979 ex
586 920 805 999 prima
855 921 1197 981 sententia
1244 916 1280 1002 ξ
1335 922 1415 979 72
1464 920 1628 979 satis
1676 918 2105 998 explicantur
2153 926 2225 978 et
2273 918 2773 979 narratiuncula
2824 918 2909 979 de

450 1007 699 1070 Solone
759 1009 1030 1069 adiecta
1087 1028 1268 1069 mors
1321 1028 1444 1089 pro
1493 1009 1716 1087 patria
1765 1009 2163 1087 oppetenda
2211 1007 2540 1080 laudatur,
2598 1028 2734 1068 non
2783 1010 2909 1068 sui-

450 1098 692 1158 cidium
743 1095 1182 1178 significatur.
1274 1095 1344 1159 Si
1394 1116 1545 1158 cum
1585 1096 1932 1177 Madvigio
1980 1099 2196 1157 verba
2240 1104 2712 1177 „mortemque
2746 1116 2912 1157 con-

449 1190 799 1248 temnere“
879 1186 1084 1260 deleS,
1142 1188 1357 1248 verba
1435 1196 1806 1266 „recteque
1877 1222 1959 1229 —
2028 1187 2279 1266 possis“
2347 1188 2541 1265 quasi
2601 1188 2906 1265 egressio

447 1286 622 1347 sunt,
669 1296 819 1338 cum
873 1275 1053 1337 nullo
1104 1276 1308 1337 modo
1357 1294 1509 1336 cum
1556 1276 2007 1355 sequentibus
2045 1275 2275 1336 verbis
2307 1295 2432 1354 „ex
2465 1294 2600 1355 quo
2635 1273 2709 1334 fit
2744 1278 2909 1337 etc.“

449 1366 881 1427 cohaereant.
997 1364 1136 1427 Sed
1203 1364 1314 1426 illa
1379 1366 1592 1426 verba
1656 1364 1989 1445 particula
2054 1365 2263 1443 ‚,que“
2330 1374 2466 1425 tam
2539 1373 2686 1425 arte
2754 1383 2906 1425 cum

447 1457 782 1534 prioribus
830 1474 1099 1516 conexa
1146 1462 1321 1527 sunt,
1373 1463 1444 1515 ut
1469 1473 1757 1515 necesse
1789 1456 1878 1515 sit
1917 1474 1999 1515 ea
2033 1455 2235 1515 etiam
2274 1472 2426 1514 cum
2463 1454 2908 1533 sequentibus

447 1536 674 1605 verbis
721 1564 847 1623 „ex
895 1563 1030 1624 quo
1071 1542 1147 1603 fit
1186 1546 1369 1617 etc.“,
1420 1544 1666 1623 quibus
1712 1544 1931 1603 verba
1978 1544 2389 1623 „senectutis
2426 1578 2511 1587 —
2543 1545 2907 1603 terminus“

449 1632 890 1713 explicantur,
958 1632 1185 1714 aliquo
1255 1632 1457 1694 modo
1526 1633 1920 1694 cohaerere.
2013 1629 2155 1693 Sed
2203 1652 2291 1691 ne
2341 1630 2585 1693 lacuna
2632 1631 2906 1711 quidem

382 1789 396 1803 ο
449 1741 600 1783 cum
652 1721 957 1784 Moorio
1007 1722 1376 1783 statuenda
1423 1732 1544 1782 est.
1638 1720 1772 1784 Cic.
1815 1724 1880 1781 in
1932 1723 2157 1781 animo
2191 1715 2410 1781 'etiam
2465 1722 2677 1781 habet
2725 1723 2909 1782 navi-

447 1814 743 1891 gationis
777 1813 1321 1873 contentionem:
1369 1830 1520 1872 cum
1559 1813 1780 1872 nautis
1814 1820 2073 1871 certum
2113 1820 2385 1891 portum
2421 1811 2910 1891 appetentibus

449 1921 630 1961 mors
705 1901 1012 1962 timenda
1077 1902 1180 1973 sit,
1255 1920 1489 1971 senex,
1558 1902 1672 1979 qui
1746 1900 1975 1980 quoad
2044 1919 2286 1961 munus
2353 1898 2554 1961 officii
2623 1902 2908 1980 exsequi

449 1999 697 2069 potest,
745 1998 936 2051 recte
985 1988 1092 2070 (cf.
1130 1988 1413 2054 Moorii
1464 1989 1615 2052 adn.
1665 1999 1824 2067 ,‚not
1870 1992 1933 2050 in
1977 2009 2016 2049 a
2050 1988 2261 2049 moral
2295 2009 2454 2049 sens
2486 2026 2573 2033 —
2604 1990 2721 2049 the
2756 1989 2910 2049 idea

449 2080 502 2139 is
551 2077 621 2139 of
668 2100 706 2139 a
755 2078 1016 2141 normal
1067 2078 1481 2160 existence“)
1533 2080 1712 2151 vivit,
1765 2087 2057 2139 mortem
2110 2098 2242 2139 non
2294 2080 2518 2140 timet:
2576 2078 2909 2158 particula

451 2174 654 2247 ‚,que“
703 2170 918 2229 verbo
961 2170 1327 2241 ,‚mortem“
1363 2166 1570 2228 affixa
1609 2168 2129 2247 interpretanda
2170 2176 2278 2227 est
2308 2171 2908 2249 ‚,proptereaque“.

451 2260 636 2337 Apte
686 2258 771 2318 ad
818 2258 991 2319 haec
1026 2258 1337 2337 adiungit
1369 2277 1496 2333 ‚,ex
1531 2277 1664 2337 quo
1699 2257 1791 2326 fit,
1844 2266 1917 2317 ut
1949 2258 2314 2318 animosior
2347 2259 2549 2317 etiam
2588 2266 2909 2317 senectus

447 2348 535 2407 sit
567 2367 770 2427 quam
807 2338 1271 2408 adulescentia
1305 2355 1374 2406 et
1401 2340 1700 2419 'fortior“,
1734 2367 1911 2427 quae
1950 2348 2293 2406 sententia
2326 2346 2693 2407 illustratur
2726 2346 2907 2406 dicto

448 2433 732 2497 Solonis,
824 2436 1037 2516 „Sed“
1093 2455 1277 2496 mors
1324 2454 1446 2515 per
1504 2438 1635 2496 vim
1688 2435 1892 2509 facta,
1951 2454 2155 2515 quam
2205 2433 2411 2496 Solon
2464 2455 2598 2496 non
2650 2436 2908 2506 metuit,

449 2525 683 2586 melior
733 2524 1002 2608 (iterum
1052 2545 1187 2586 non
1239 2525 1563 2586 moralem
1614 2527 1678 2585 in
1720 2526 2021 2601 sensum)
2064 2544 2244 2585 mors
2279 2545 2318 2583 a
2351 2534 2593 2585 natura
2628 2523 2904 2585 effecta:

447 2615 754 2692 „vivendi
789 2616 1085 2695 optimus
1119 2623 1225 2674 est
1257 2612 1424 2688 finis,
1457 2634 1612 2676 eum
1649 2617 1922 2694 integra
1956 2623 2186 2674 mente
2222 2615 2563 2693 certisque
2596 2613 2907 2673 sensibus

449 2724 618 2785 opus
673 2707 824 2786 ipsa
877 2724 1068 2765 suum
1130 2705 1373 2766 eadem
1436 2724 1614 2785 quae
1673 2705 2193 2784 coagmentavit
2253 2712 2493 2764 natura
2552 2703 2906 2774 dissolvit“,

450 2795 516 2878 id
581 2796 763 2875 quod
836 2793 1122 2854 illustrat
1179 2795 1612 2855 similitudine
1669 2794 1846 2855 fabri
1904 2796 2093 2854 navis
2151 2793 2261 2854 vel
2318 2792 2601 2854 aedificii
2653 2795 2905 2870 (nescio

449 2903 530 2943 an
590 2885 654 2942 in
717 2886 908 2945 navis
977 2882 1294 2963 exemplo
1353 2881 1488 2945 Cic.
1547 2885 1920 2945 admonere
1976 2882 2141 2944 velit
2199 2883 2284 2943 de
2346 2881 2476 2942 fine
2526 2883 2562 2962 ξ
2617 2885 2716 2953 71,
2775 2901 2906 2962 qua

450 2973 534 3033 de
585 2981 792 3033 nauta
835 2972 919 3033 ad
955 2982 1225 3052 portum
1263 2975 1634 3052 navigante
1671 2973 2006 3051 loquitur).
2098 2972 2336 3051 Atque
2378 2991 2559 3032 mors
2592 2991 2631 3030 a
2665 2980 2908 3031 natura

449 3060 698 3123 effecta
745 3065 810 3122 in
859 3082 1026 3134 sene
1075 3060 1464 3130 ..facillima“
1514 3071 1620 3122 est
1667 3064 1704 3122 i.
1739 3083 1795 3124 e.
1828 3060 2087 3122 facilior
2122 3078 2323 3140 quam
2361 3063 2425 3120 in
2464 3059 2905 3121 adulescente

449 3150 553 3227 (cf.
586 3152 622 3231 ἓ
659 3154 792 3229 71);
841 3169 1068 3230 neque
1119 3152 1294 3210 enim
1345 3152 1620 3212 dubium
1655 3160 1778 3224 est,
1830 3152 1987 3231 quin
2024 3149 2195 3209 haec
2228 3151 2573 3209 sententia
2606 3149 2691 3209 ad
2726 3150 2906 3209 senis

449 3247 519 3300 et
566 3242 826 3301 iuvenis
874 3241 1388 3300 contentionem
1439 3249 1727 3319 spectet,
1775 3240 2179 3319 praesertim
2231 3258 2381 3299 cum
2428 3240 2492 3298 in
2527 3240 2715 3299 initio
2750 3239 2786 3318 ἕ
2824 3240 2907 3298 74

448 3327 758 3408 legamus
824 3330 988 3408 „iam
1059 3348 1298 3390 sensus
1365 3328 1695 3390 moriendi
1763 3329 2001 3409 aliquis
2069 3347 2219 3388 esse
2278 3335 2511 3407 potest
2566 3329 2759 3407 isque
2820 3327 2906 3387 ad

449 3420 768 3497 exiguum
822 3427 1111 3497 tempuS,
1168 3421 1649 3498 praesertim
1703 3420 1939 3479 seni“.
2033 3416 2170 3496 „Ita
2219 3415 2310 3489 fit,
2368 3424 2441 3476 ut
2489 3416 2646 3477 illud
2694 3417 2905 3477 breve

447 3508 628 3568 vitae
677 3507 1009 3588 reliquum
1061 3526 1189 3568 nec
1238 3508 1434 3568 avide
1485 3508 1952 3587 adpetendum
2003 3508 2279 3567 senibus
2331 3525 2459 3567 nec
2513 3508 2657 3566 sine
2702 3524 2909 3566 causa

449 3596 959 3668 deserendum“,
1021 3598 1265 3676 quibus
1323 3598 1550 3658 verbis
1599 3593 1769 3658 Cato
1820 3594 2366 3676 summam-facit
2414 3615 2668 3666 eorum,
2729 3614 2905 3675 quae

446 3687 513 3745 in
561 3685 691 3746 hac
741 3683 778 3770 ξ
832 3688 911 3746 72
963 3686 1158 3746 dixit:
1235 3687 1450 3747 verba
1504 3705 1670 3764 „nec
1728 3687 1925 3747 avide
1986 3686 2489 3766 adpetendum“
2536 3685 2909 3764 respiciunt

448 3776 531 3835 ad
591 3777 882 3855 priorem
946 3782 1211 3856 partem
1263 3776 1436 3855 §72
1483 3776 1698 3854 verba
1747 3795 1911 3852 „nec
1964 3777 2108 3835 sine
2159 3795 2365 3836 causa
2414 3773 2905 3834 deserendum“

449 3863 536 3925 ad
579 3866 804 3925 verba·
844 3864 1004 3944 „sed
1051 3865 1324 3924 vivendi
1373 3865 1538 3926 eto.“
1633 3863 1833 3924 Hanc
1883 3864 2164 3925 alteram
2217 3871 2487 3944 partem
2528 3861 2721 3923 h'uius
2754 3882 2907 3923 sen-

447 3955 707 4014 tentiae
759 3956 824 4013 in
862 3950 899 4037 §
939 3956 1018 4015 73
1056 3955 1332 4013 ineunte
1367 3956 1575 4014 etiam
1610 3951 1971 4017 confirmat
2005 3955 2413 4014 auctoritate
2446 3951 2908 4032 Pythagorae.

447 4041 563 4102 Ad
627 4045 858 4122 priora
913 4062 1229 4103 reversus
1287 4042 1488 4103 affert
1547 4043 1792 4103 deinde
1852 4043 1940 4102 ad
1994 4042 2462 4126 illustrandam
2515 4044 2903 4122 opinionem

448 4133 594 4192 seni
643 4142 936 4193 mortem
986 4131 1209 4192 lenem
1252 4132 1566 4193 accidere
1608 4140 2117 4213 proptereaque
2162 4150 2297 4192 non
2342 4131 2713 4191 timendam
2753 4150 2905 4190 esse

448 4219 559 4302 (cf.
594 4240 760 4300 „nec
810 4221 1008 4281 avide
1058 4221 1591 4300 appetendum“;
1642 4220 1726 4282 cf.
1767 4221 2050 4282 Moorii
2100 4220 2280 4300 adn.)
2374 4220 2569 4280 Ennii
2615 4239 2907 4293 versum,

449 4312 561 4390 qui
594 4307 863 4371 Solonis
911 4311 1095 4371 dicto
1144 4309 1452 4382 ,‚melior“
1492 4312 1593 4372 sit.
1687 4309 1841 4371 Hoc
1876 4329 2074 4371 versu
2110 4312 2379 4371 tertium
2420 4317 2900 4388 argumentum

449 4395 526 4482 ἐξ
565 4398 762 4481 71j73
813 4397 1056 4460 finitur.
1149 4399 1476 4459 Extrema
1514 4401 1856 4460 sententia
1890 4400 1926 4479 ξ
1964 4402 2042 4460 73
2079 4400 2267 4460 addit
2302 4399 2586 4459 Ennium
2623 4406 2907 4478 propter

449 4488 1028 4549 immortalitatem
1064 4489 1266 4548 animi
1301 4497 1595 4549 mortem
1630 4508 1764 4549 non
1803 4508 1954 4549 esse
1990 4488 2356 4568 lugendam
2389 4507 2693 4560 censere,
2728 4507 2904 4567 quae

449 4595 656 4638 causa
700 4578 832 4639 hac
880 4579 945 4637 in
995 4579 1215 4657 prima
1262 4577 1596 4657 particula
1644 4598 1778 4639 non
1829 4598 1951 4639 suo
2001 4577 2151 4639 loco
2202 4588 2323 4638 est.
2368 4613 2449 4620 —
2500 4575 2759 4656 Negari
2793 4579 2908 4636 vix
