3584 5475
1616 628 1700 635 ——
1798 595 2058 652 54,—

611 771 921 851 longiore
970 773 1066 831 ita
1113 770 1488 843 confectus,
1548 780 1619 830 ut
1667 772 1813 850 ipse
1864 778 2151 831 mortem
2207 777 2418 849 optet.
2511 769 2751 848 Itaque
2800 776 3064 828 rectum

613 870 736 931 est,
796 861 979 941 quod
1028 860 1206 921 idem
1259 860 1366 920 ille
1415 862 1514 921 vir
1564 860 1807 920 doctus
1858 860 2019 919 dicit
2068 859 2101 920 l.
2136 878 2191 919 c.
2242 858 2349 930 „In
2396 858 2688 918 Aristo's
2736 856 3071 917 Tithonus

611 952 697 1010 ist
747 950 853 1010 die
904 940 1424 1011 volkstiimliche
1459 948 1894 1027 Auffassung
1942 947 2057 1009 auf
2090 948 2221 1007 den
2261 946 2453 1027 Kopf
2482 945 2814 1026 gestellt“.
2896 943 3067 1007 Con-

613 1040 902 1100 suetudo
943 1049 1168 1099 autem
1213 1029 1616 1118 Cynicorum
1673 1048 1793 1109 est,
1845 1039 1957 1117 qui
2006 1038 2429 1117 propositum
2480 1037 2784 1096 habeant
2830 1058 3067 1114 ,μαρα-

610 1129 894 1209 χάραξον
923 1128 993 1190 τὸ
1025 1128 1338 1209 νόμισμα·ι
1376 1136 1448 1187 ut
1478 1126 1743 1188 fabulas
1778 1136 2017 1187 contra
2053 1128 2436 1205 opinionem
2474 1125 2825 1205 vulgarem
2866 1126 3066 1185 inter-

612 1226 998 1297 pretentur;
1029 1236 1163 1297 qua
1187 1218 1271 1277 de
1293 1237 1367 1277 re
1391 1218 1677 1296 egregie
1702 1218 1846 1295 egit
1870 1216 2195 1276 Ernestus
2216 1214 2483 1275 Weber
2502 1216 2566 1275 in
2592 1214 3068 1274 dissertatione

613 1306 758 1384 „De
799 1306 1023 1367 Dione
1058 1304 1550 1385 Chrysostomo
1586 1302 1991 1386 Cynicorum
2045 1306 2424 1365 sectatore“
2474 1301 2723 1384 (Leipz.
2758 1301 2947 1365 Stud.
2982 1302 3068 1374 X,

615 1416 676 1475 p.
720 1396 915 1475 99sq.
977 1398 1310 1477 143!149).
1406 1392 1598 1472 Quae
1667 1415 1817 1455 cum
1882 1396 1975 1454 ita
2031 1396 2183 1466 sint,
2260 1393 2417 1453 mihi
2487 1392 2904 1453 verisimilius
2963 1403 3071 1454 est

615 1484 971 1547 Stoicum
1008 1482 1485 1564 philosophum
1522 1504 1672 1544 esse
1698 1492 2058 1544 auctorem
2094 1482 2367 1544 Tithoni
2402 1480 2513 1565 (cf.
2545 1484 2748 1542 etiam
2782 1480 2975 1544 St.V.
2998 1481 3069 1542 F.

613 1572 758 1653 Ifg.
795 1574 939 1646 349,
991 1575 1101 1633 ubi
1135 1572 1372 1634 Ulixes
1413 1574 1840 1652 vituperatur
1882 1592 2132 1652 expers
2167 1572 2661 1652 philosophiae3
2712 1572 2781 1631 E.
2805 1570 3071 1632 Weber

618 1664 652 1724 l.
686 1682 740 1723 0.
783 1682 845 1742 p.
893 1665 1015 1725 149
1086 1673 1287 1742 agert
1353 1660 1612 1723 titulum
1667 1660 2110 1743 „’O‹3vooezg“),
2176 1681 2330 1722 cum
2396 1663 2510 1722 vix
2577 1662 2799 1741 putari
2857 1662 3069 1739 possit

614 1751 1146 1831 Peripateticum
1182 1751 1651 1831 philosophum
1691 1751 1864 1811 adeo
1900 1750 2151 1820 Βίωνος
2198 1750 2482 1831 ζηλωτήν
2531 1749 2755 1820 fuisse,
2809 1758 2879 1810 ut
2926 1752 3070 1809 eius

618 1861 750 1901 non
820 1841 1032 1901 solum
1103 1860 1324 1921 genus
1393 1840 1686 1911 dicendi,
1757 1841 1877 1899 sed
1950 1842 2151 1900 etiam
2224 1858 2477 1900 morem
2552 1847 2622 1898 et
2690 1840 3069 1899 doctrinam

615 1939 1023 2010 sequeretur
1057 1928 1166 2009 (cf.
1193 1949 1397 2009 supra
1430 1948 1492 2008 p.
1517 1931 1598 1991 36
1634 1930 1832 2009 adn.).
1879 1928 2052 1989 Nam
2092 1937 2333 1990 contra
2368 1926 2643 1990 Gerckii
2680 1930 3069 2007 opinionem

618 2018 679 2091 (l.
731 2038 786 2079 e.
838 2040 901 2099 p.
956 2022 1108 2100 203)
1177 2017 1320 2078 fieri
1389 2038 1522 2078 non
1591 2020 1922 2099 potuisse,
2001 2028 2073 2079 ut
2136 2019 2371 2079 Aristo
2440 2015 2709 2078 Stoicus
2774 2015 3071 2077 Tithono

615 2128 1000 2168 sermonem
1084 2109 1430 2179 tribueret,
1513 2108 1872 2167 dicendum
1956 2117 2061 2167 est
2139 2110 2201 2167 in
2284 2107 2616 2186 catalogis
2693 2104 3073 2166 Laertianis

616 2197 933 2257 librorum
989 2206 1060 2257 et
1107 2195 1342 2257 Herilli
1391 2195 1510 2274 (St.
1535 2195 1613 2256 V.
1651 2196 1723 2257 F.
1756 2196 1784 2255 I
1816 2196 1913 2276 fg.
1961 2196 2119 2278 409)
2171 2207 2242 2256 et
2286 2195 2565 2256 Persaei
2615 2193 2736 2276 (fg.
2768 2192 2929 2277 435)
2976 2196 3071 2255 in-

615 2288 828 2347 veniri
895 2285 1118 2359 libros,
1187 2288 1300 2365 qui
1360 2287 1663 2365 inscripti
1730 2294 1889 2345 sunt
1946 2284 2200 2366 Ἑρμῆς,
2266 2284 2550 2366 Μήδεια,
2626 2282 2903 2365 Θυέστης
2960 2282 3072 2363 (cf.

616 2375 972 2436 Ritschelii
1029 2376 1244 2436 verba
1299 2394 1505 2455 supra
1560 2394 1622 2454 p.
1668 2376 1750 2437 36
1802 2374 2046 2457 allata).
2141 2372 2292 2453 Qua
2341 2376 2658 2454 opinione
2708 2371 3072 2434 confirmor

616 2464 778 2525 locis
845 2466 942 2525 eis
1008 2483 1212 2543 supra
1280 2466 1365 2544 (p.
1413 2462 1636 2544 50sq.)
1699 2463 2027 2536 collectiS,
2096 2466 2205 2543 qui
2276 2483 2424 2524 cum
2487 2464 2829 2523 Aristonis
2886 2462 3069 2541 frag-

619 2556 864 2613 mentis
914 2554 1295 2654 comparari
1343 2561 1644 2633 possunt.

797 2642 948 2704 Hoc
997 2645 1051 2702 si
1098 2652 1362 2703 rectum
1425 2651 1545 2714 est,
1605 2642 2074 2722 quaerendum
2134 2650 2255 2718 est,
2314 2662 2543 2702 nonne
2591 2639 2725 2703 Cic.
2774 2640 3071 2700 Tithono

615 2734 761 2813 ipse
823 2753 978 2792 usus
1035 2734 1146 2798 sit.
1241 2730 1462 2812 Supra
1521 2729 1608 2813 (p.
1655 2730 1765 2814 38)
1834 2732 2177 2792 omisimus
2234 2729 2426 2811 plura
2486 2729 2829 2810 exempla,
2894 2751 3071 2810 quae

619 2842 948 2902 nusquam
989 2831 1352 2902 praeterea
1387 2821 1570 2901 apud
1609 2819 1741 2883 Cic.
1781 2823 2230 2882 inveniuntur.
2299 2820 2513 2881 Necio
2550 2841 2633 2880 an
2677 2821 2853 2892 inde,
2889 2820 3071 2900 quod

618 2914 682 2971 in
733 2910 770 2994 ξ
813 2911 1006 2991 72sq.
1055 2913 1143 2971 ad
1183 2911 1470 2971 eandem
1534 2911 1944 2990 sententiam
2004 2910 2198 2988 „illud
2246 2911 2460 2970 breve
2508 2909 2837 2990 reliquum
2889 2911 3072 2970 vitae
3113 2921 3119 2926 “

621 3020 747 3060 nec
783 3002 977 3062 avide
1014 3001 1475 3081 appetendum
1515 3001 1831 3061 senibus“
1872 2999 2247 3060 afferuntur
2278 2999 2409 3060 duo
2445 2999 2571 3059 loci
2608 3000 2906 3059 eiusdem
2954 3000 3073 3060 viri

619 3088 885 3150 Solonis
919 3092 1028 3162 ita,
1065 3100 1137 3150 ut
1171 3089 1341 3150 alter
1375 3088 1656 3169 (dictum
1693 3088 1960 3150 Solonis
1995 3087 2031 3172 ξ
2071 3088 2179 3169 72)
2225 3099 2424 3168 aptus
2458 3090 2560 3162 sit,
2604 3088 2775 3148 alter
2810 3089 3075 3170 (versus

620 3176 886 3239 Solonis
919 3177 957 3262 ξ
996 3180 1075 3242 73
1111 3178 1194 3240 cf.
1227 3198 1432 3258 supra
1465 3177 1774 3260 p.3lsq.)
1825 3198 1961 3239 non
2011 3180 2169 3238 item
2225 3177 2462 3256 (,‚haud
2510 3179 2649 3238 scio
2701 3197 2783 3236 an
2837 3176 3073 3237 melius

620 3267 945 3350 Ennius“)
982 3268 1066 3328 ad
1101 3270 1514 3328 sententiam
1549 3267 1724 3327 illam
1769 3267 2253 3341 illustrandam,
2286 3276 2474 3327 recte
2515 3265 2916 3327 concludam
2953 3264 3073 3326 So·
3106 3339 3111 3342 Ι

620 3356 789 3417 lonis
839 3357 1086 3417 dictum
1141 3355 1199 3440 (ξ
1234 3355 1340 3439 72)
1377 3354 1510 3418 Cic.
1546 3377 1636 3416 ex
1667 3355 1860 3417 fonte
1896 3357 2199 3416 hausisse
2236 3364 2442 3435 atque
2477 3357 2539 3415 in
2576 3353 2614 3439 ξ
2654 3358 2732 3416 73
2769 3356 3071 3415 eiusdem

619 3448 739 3506 viri
775 3465 1011 3506 versus
1045 3467 1134 3506 ex
1166 3444 1364 3506 Tusc.
1397 3445 1588 3526 Disp.
1616 3447 2019 3526 repetivisse
2054 3444 2159 3522 (cf.
2190 3465 2395 3524 supra
2427 3447 2635 3525 p.41),
2669 3446 3070 3524 praesertim

600 3555 768 3602 ‚cum
795 3535 1162 3596 viderimus
1189 3534 1488 3614 (cf.p.31)
1519 3533 1787 3596 Solonis
1821 3535 2074 3595 dictum
2110 3536 2442 3595 artissime
2474 3553 2625 3594 cum
2663 3545 3071 3612 argumento

619 3623 656 3707 ξ
696 3627 773 3685 72
819 3623 1209 3685 cohaerere.
1276 3621 1439 3685 Cum
1486 3632 1710 3684 autem
1749 3626 1894 3684 veri
1930 3624 2245 3684 dissimile
2276 3625 2367 3684 sit
2402 3622 2763 3684 Tithonum
2802 3625 2866 3682 in
2902 3621 3072 3704 libro

622 3715 962 3774 Aristonis
1016 3713 1173 3775 illud
1226 3713 1613 3796 exemplum
1668 3713 1998 3779 attullisse
2050 3712 2160 3794 (cf.
2193 3733 2256 3793 p.
2292 3712 2429 3794 38),
2488 3733 2623 3773 non
2673 3714 2817 3772 sine
2868 3730 3075 3772 causa

621 3801 987 3863 concludas
1043 3800 1177 3863 Cic.
1236 3823 1369 3863 non
1427 3803 1770 3863 Aristonis
1836 3802 2099 3876 librum,
2164 3804 2282 3862 sed
2354 3801 2571 3872 alium,
2638 3802 2703 3861 in
2766 3821 2897 3880 quo
2966 3800 3074 3861 ille

622 3893 1004 3971 exscriptus
1055 3901 1218 3963 erat,
1269 3892 1674 3952 adhibuisse.
1786 3890 1991 3953 Hunc
2059 3899 2290 3952 autem
2360 3912 2399 3951 a
2436 3890 2679 3959 ,Stoico
2746 3892 3069 3969 scriptum

620 3980 826 4041 fuisse
879 4000 1010 4041 non
1065 3980 1274 4041 solum
1331 4001 1418 4040 ex
1469 3983 1582 4054 eis,
1640 4001 1817 4061 quae
1867 4000 1930 4060 p.
1963 3982 2212 4060 49sqq.
2262 3983 2718 4060 exposuimuS,
2768 3989 3076 4058 apparet,

620 4071 744 4130 sed
792 4071 991 4130 etiam
1047 4090 1136 4129 ex
1194 4070 1336 4130 aliis
1395 4071 1744 4150 exemplis,
1856 4069 2123 4130 Milonis
2190 4069 2577 4150 exemplum
2651 4069 2733 4128 ad
2802 4080 3075 4129 senten-

621 4162 860 4219 tiarum
907 4179 1242 4220 conexum
1287 4157 1325 4243 ξ
1363 4161 1441 4220 27
1484 4167 1624 4220 tam
1669 4161 1847 4220 bene
1890 4160 2286 4238 adaptatum
2342 4166 2462 4232 est,
2515 4168 2585 4220 ut
2632 4156 2829 4219 facile
2874 4168 3075 4237 putes

622 4249 688 4308 id
713 4250 841 4308 iam
878 4250 943 4309 in
980 4247 1174 4309 fonte
1197 4245 1332 4310 Cic.
1367 4250 1709 4309 exstitisse
1746 4258 1955 4328 atque
1992 4250 2249 4328 optime
2285 4249 2368 4308 ad
2394 4257 2744 4308 auctorem
2768 4245 3069 4307 Stoicum

624 4338 930 4417 quadrat,
981 4356 1130 4398 cum
1187 4339 1653 4418 acceperimus
1710 4358 1845 4398 non
1906 4338 2117 4398 solum
2173 4336 2465 4418 Cynicos
2515 4336 2620 4417 (cf.
2662 4337 2733 4398 E.
2778 4335 3077 4397 Weber

620 4427 656 4488 l.
705 4447 760 4487 e.
809 4447 870 4506 p.
918 4429 1044 4488 253
1081 4447 1257 4506 sqq,;
1315 4425 1573 4504 Helm,
1621 4425 1920 4487 Lucian
1983 4429 2114 4488 und
2172 4427 2521 4506 Menipp,
2575 4429 2763 4498 1900,
2804 4445 2867 4505 p.
2906 4425 3077 4508 168),

621 4517 743 4576 sed
781 4518 982 4576 etiam
1023 4514 1293 4578 Stoicos
1329 4517 1725 4596 'despexisse
1767 4516 2063 4576 athletas
2098 4515 2207 4598 (cf.
2241 4515 2303 4576 N
2320 4516 2599 4589 orden,
2647 4517 2711 4575 in
2748 4514 3077 4576 Varronis

624 4615 890 4666 saturas
955 4605 1434 4685 Menippeas
1507 4607 2025 4666 observationes
2088 4604 2408 4666 selectae.
2493 4606 2722 4684 Jahrb.
2779 4602 2822 4665 f.
2879 4603 3077 4666 klass
