3584 5475
1701 566 2145 623 -43-

663 768 668 774 ·
695 733 1012 821 graviore
1047 744 1654 821 comparationem.
1704 740 1907 803 Hunc
1940 742 2157 802 locum
2187 763 2277 802 ex
2296 741 2489 803 fonte
2512 740 2781 804 Graeco
2806 752 3147 821 sumptum

696 851 847 891 esse
897 830 1004 890 vel
1054 832 1210 891 inde
1261 831 1803 891 concludendum
1860 840 1982 901 est,
2034 832 2214 911 quod
2267 832 2446 911 apud
2481 830 2836 892 Romanos
2886 834 3150 893 nonnisi

693 921 754 980 in
809 918 1072 981 Catone
1121 921 1476 981 invenitur.
1572 919 1723 981 Non
1785 922 2020 980 mirum
2084 931 2189 981 est
2236 940 2475 981 versus
2532 942 2572 980 a
2620 920 2860 981 Telete
2910 919 3149 982 allatos

694 1029 827 1069 non
880 1030 920 1069 a
966 1007 1100 1071 Cic.
1150 1011 1534 1089 exscriptos
1583 1029 1760 1081 esse,
1812 1029 1960 1070 cum
2015 1029 2239 1090 neque
2290 1012 2583 1070 sciamus
2631 1030 2785 1071 num
2838 1012 2902 1070 in
2955 1008 3147 1071 sonte

693 1096 826 1159 Cic,
877 1100 1282 1171 exstiterint,
1337 1107 1407 1158 et
1456 1095 1589 1160 Cic.
1639 1101 1856 1158 vereri
1908 1096 2151 1161 Catoni
2202 1119 2461 1161 versus,
2492 1097 2796 1160 Graecos
2846 1100 3146 1160 tribuere

692 1208 897 1267 supra
940 1188 1028 1267 (p.
1068 1190 1164 1260 ll,
1196 1188 1311 1269 41)
1355 1188 1738 1248 viderimus
1769 1224 1858 1232 —
1896 1188 1970 1248 111
2013 1187 2270 1248 Teletis
2321 1189 2489 1248 libro
2532 1187 2703 1267 ,,περὶ
2741 1189 3145 1267 αὖταρκείας“

692 1276 781 1356 (p.
820 1279 917 1349 10,
941 1278 976 1336 6
1018 1276 1124 1359 Η.)
1177 1276 1466 1357 legimus
1514 1277 1659 1349 ,,καὶ
1708 1276 1784 1339 σὺ
1831 1276 1993 1356 πρὸς
2038 1276 2110 1338 τὰ
2158 1278 2440 1356 παρόντα
2481 1282 2621 1359 χρῶ
2672 1278 2790 1356 (30.
2832 1278 3044 1358 ὥςπερ
3086 1280 3147 1341 οἵ
3192 1292 3197 1297 ’

689 1366 1012 1445 ναυτικοί).
1097 1368 1302 1446 γέρων
1364 1368 1649 1447 γέγονας·
1704 1366 1795 1448 μὴ
1856 1367 2017 1447 ζήτει
2073 1365 2145 1427 τὰ
2200 1373 2311 1428 τοῦ
2368 1368 2532 1429 νέου.
2618 1366 2892 1447 ἀσθενὴς
2945 1368 3158 1430 πάλιν.Ι

687 1454 776 1535 μὴ
828 1456 989 1536 ζήτει
1033 1454 1106 1516 τὰ
1155 1461 1264 1517 τοῦ
1313 1457 1626 1541 c'oxvpofi‘fl
1665 1455 1852 1516 Hic
1912 1456 2099 1517 locus
2157 1454 2387 1516 Bionis
2446 1476 2597 1516 esse
2654 1456 2942 1530 videtur,
2990 1476 3139 1518 cum

689 1544 892 1624 paulo
944 1553 1103 1604 ante
1153 1544 1516 1605 similitudo
1566 1543 1734 1605 illius
1783 1546 1867 1604 ad
1920 1544 2209 1605 eandem
2264 1545 2638 1605 doctrinam
2678 1545 3139 1607 illustrandam

691 1633 782 1713 (p.
818 1636 874 1705 9,
909 1624 1137 1713 23011.)
1189 1633 1390 1694 allata
1439 1636 1541 1694 sit.
1620 1633 1993 1694 Praeterea
2043 1634 2244 1713 Diog.
2278 1632 2486 1695 Laert
2525 1633 2668 1717 (IV,
2704 1633 2814 1714 50)
2869 1635 3143 1695 tradidit

690 1723 820 1783 hoc
870 1722 1122 1783 dictum
1174 1722 1341 1783 illius
1392 1730 1497 1805 ,,’τῇ
1541 1723 1658 1803 μὲν
1700 1723 1955 1803 ἀνδρείᾳ
1995 1724 2176 1791 νέους
2208 1724 2391 1791 ὄντας
2422 1724 2544 1805 ἔφη
2582 1723 2815 1805 (Βίων)
2848 1724 3141 1805 χρῆσθαι,

686 1819 761 1893 τῇ
794 1811 862 1873 δὲ
894 1813 1197 1892 φρονήσει
1230 1813 1661 1893 γηράσκοντας
1693 1812 2049 1893 ἀκμάζειν“,
2083 1814 2266 1892 quod
2296 1814 2449 1873 cuni
2485 1813 2605 1873 illis
2636 1815 2863 1873 verbis
2887 1815 3141 1892 optime

688 1902 1012 1979 coniungi
1060 1910 1310 1980 potest.
1405 1900 1658 1963 Similia
1708 1912 2075 1962 occurrunt
2125 1904 2186 1960 in
2240 1899 2518 1962 Catonis
2552 1903 2691 1981 §33
2730 1901 2920 1982 (‚,isto
2960 1904 3141 1963 bono

687 2010 779 2051 sc,
827 1991 1080 2051 viribus
1131 1993 1434 2071 corporis
1486 2001 1694 2063 utare,
1746 1993 1900 2050 dum
1957 1992 2148 2060 adsit,
2198 2010 2349 2052 cum
2402 1992 2597 2062 absit,
2646 2012 2732 2051 ne
2770 1992 3140 2071 requiras“)

689 2090 760 2139 et
810 2078 845 2162 ξ
883 2082 966 2141 20
1015 2077 1430 2161 (‚,temeritas
1479 2090 1583 2139 est
1629 2079 1937 2141 florentis
1981 2082 2242 2152 aetatiS,
2286 2082 2646 2163 prudentia
2682 2082 3138 2159 senescentis“

688 2167 772 2229 cf.
823 2166 978 2251 §15
1028 2171 1166 2229 init.
1215 2170 1250 2248 ξ
1290 2171 1368 2230 18
1417 2167 1545 2239 fin„
1607 2170 1716 2229 ubi
1765 2177 1973 2229 antea
2020 2168 2382 2230 similitudo
2434 2180 2788 2229 nautarum
2844 2168 3141 2243 affertur,

690 2277 890 2337 quam
945 2260 1008 2318 in
1063 2257 1317 2319 Teletis
1352 2258 1500 2319 loco
1538 2259 1739 2318 modo
1775 2260 2139 2337 exscripto,
2175 2278 2584 2337 quamquam
2626 2259 2752 2319 alio
2789 2258 2991 2328 modo
3029 2260 3139 2319 ad-

687 2347 989 2419 hibitam,
1039 2349 1458 2422 invenimus).
1531 2384 1607 2392 -—
1665 2346 2066 2407 Doctrinam
2129 2367 2299 2420 eam,
2359 2368 2535 2427 quae
2593 2350 2821 2408 verbis
2872 2346 3013 2420 ,,κοὶ
3062 2347 3138 2410 σὺ

683 2436 847 2516 πρὸς
879 2436 950 2497 τὰ
983 2436 1266 2516 παρόντα
1297 2442 1438 2517 χρῶ
1470 2436 1628 2498 mm
1664 2438 1919 2504 subest,
1945 2435 2117 2497 Bion
2153 2439 2297 2516 ipse
2330 2435 2681 2510 illustravit
2707 2435 3138 2498 similitudine

685 2525 1026 2586 histrionis
1103 2525 1275 2604 (Tel.
1317 2526 1474 2587 rel.‘·⁴
1513 2545 1576 2605 p.
1611 2528 1942 2605 5,1sqq.>.
2036 2524 2188 2586 Hac
2246 2524 2379 2588 Cic.
2450 2538 2693 2605 quater
2749 2528 2812 2586 in
2875 2523 3137 2587 Catone

685 2613 832 2694 (§‚4.
869 2617 968 2676 64.
1007 2618 1104 2677 70.
1139 2614 1251 2697 85)
1293 2616 1512 2677 utitur.
1576 2612 1647 2675 Si
1683 2616 1909 2675 omnia
1942 2613 2221 2687 Bionea,
2257 2634 2432 2694 quae
2470 2635 2557 2675 ex
2578 2613 2840 2677 Catone
2872 2614 3139 2695 collegi,

681 2704 1082 2766 recordatus
1119 2724 1208 2786 es,
1240 2703 1470 2766 facere
1505 2724 1638 2766 non
1672 2716 1891 2784 poteS,
1926 2706 2082 2784 quin
2119 2706 2320 2765 etiam
2354 2705 2528 2765 hanc
2552 2706 3132 2784 comparationem

684 2796 943 2855 auctori
1011 2791 1145 2856 Cic.
1205 2796 1481 2869 tribuae,
1542 2813 1957 2874 quamquam
2018 2813 2174 2854 eam
2229 2791 2363 2855 Cic.
2412 2796 2539 2854 iam
2603 2806 2809 2855 antea
2866 2796 3135 2855 novisse

627 2876 633 2882 ’
684 2903 774 2942 ex
821 2883 1113 2963 epistula
1152 2884 1234 2943 ad
1275 2881 1595 2961 Quintum
1631 2882 1914 2943 fratrem
1954 2883 2115 2943 data
2148 2881 2218 2962 (I,
2256 2886 2287 2945 1
2327 2879 2363 2966 ξ
2398 2885 2505 2959 46)
2546 2891 2616 2943 et
2649 2903 2739 2944 ex
2770 2884 3137 2962 paradoxis

683 2971 816 3053 (ΠΙ,
859 2972 1038 3054 §26)
1097 2977 1502 3056 accepimus
1594 2971 1967 3032 Praeterea
2022 2970 2131 3033 illa
2187 2975 2267 3048 in,
2314 2972 2602 3051 epistula
2653 2973 2861 3033 multo
2913 2981 3135 3044 antea,

682 3081 884 3122 anno.
915 3064 996 3123 60
1035 3062 1254 3123 vel.59
1271 3082 1328 3122 a.
1361 3060 1513 3123 Chr.
1550 3082 1610 3122 n.
1659 3063 1931 3141 scripta,
1975 3063 2039 3122 in
2088 3081 2223 3142 qua
2270 3061 2571 3134 fratrem,
2615 3065 2727 3142 qui
2760 3064 2906 3141 ipse
2942 3062 3135 3122 brevi

681 3159 886 3211 antea
920 3150 1184 3212 fabulas
1219 3153 1683 3231 composuerit
1704 3149 1814 3232 (cf.
1837 3150 2363 3230 Tyrell-Purser,
2398 3152 2514 3228 the
2538 3150 3133 3230 correspondance

682 3239 751 3300 of
799 3237 932 3301 Cio.
985 3242 1152 3303 1885
1203 3241 1330 3322 vol.
1377 3240 1422 3314 1,
1471 3260 1534 3320 p.
1570 3243 1744 3322 269),
1784 3251 1875 3304 ,ut
1932 3241 2181 3301 bonam
2244 3238 2750 3300 conclusionem
2808 3238 3017 3300 saciat
3065 3242 3130 3300 in

680 3339 1050 3409 quaestura
1105 3329 1478 3410 fungenda,
1536 3331 1941 3390 adhortatur
1998 3337 2068 3389 et
2124 3331 2187 3389 in
2248 3330 2600 3408 paradoxo
2659 3328 2766 3390 1110
2818 3349 2996 3389 anno
3047 3331 3129 3390 46

682 3438 737 3479 a.
772 3415 923 3480 Chr.
959 3439 1019 3480 n.
1067 3421 1342 3498 scripto,
1390 3421 1452 3478 in
1507 3439 1641 3499 quo
1691 3429 1933 3499 gestus
1983 3420 2232 3479 actoris
2281 3438 2435 3479 cum
2480 3419 2808 3498 sapientis
2842 3418 3130 3478 hominis

679 3508 913 3568 habitu
972 3515 1345 3587 comparat,
1402 3507 1764 3568 similitudo
1824 3507 1930 3567 illa
1988 3506 2190 3587 plane
2241 3507 2369 3568 alio
2420 3508 2623 3568 modo
2674 3507 2977 3568 adhibita
3027 3518 3132 3567 est

679 3604 888 3675 atque
946 3597 1012 3656 in
1071 3594 1352 3658 Catone.
1447 3595 1658 3657 Multo
1717 3599 1997 3676 propius
2046 3597 2130 3657 ad
2181 3595 2459 3658 Catonis
2509 3596 2711 3670 10003,
2760 3597 3128 3718 praecipue

679 3685 759 3745 ad
797 3686 940 3764 §64
972 3683 3045 3768 1701130,300οᾱ1ῒ100113111311Το10113περιαυταρκειας*(ρ.16,
3068 3686 3127 3761 4)

677 3775 923 3885 ,,ὥςπερ
971 3775 1008 3836 oe
1054 3774 1302 3856 ἀγαθὸς
1349 3775 1690 3856 ὑποκριτὴς
1727 3773 1797 3837 εὗ
1836 3775 1943 3837 καὶ
1979 3774 2087 3837 τὸν
2122 3775 2459 3887 πρόλογον,
2502 3773 2570 3836 εὗ
2603 3775 2710 3837 καὶ
2741 3773 2813 3836 τὰ
2844 3775 3025 3856 μέσα,
3060 3772 3127 3836 εὖ

674 3864 781 3925 καὶ
836 3863 947 3946 τὴν
1001 3865 1464 3946 καταστροφήν,
1521 3865 1726 3933 οὕτως
1773 3888 1810 3926 ο
1858 3863 2106 3945 ἀγαθὸς
2152 3864 2313 3946 ἀνὴρ
2361 3862 2430 3926 εὖ
2477 3864 2585 3926 καὶ
2630 3863 2702 3925 τὰ
2749 3869 2971 3944 πρῶτα
3018 3869 3127 3925 τοῦ

673 3939 836 4034 βίου,
870 3951 940 4015 εὖ
972 3954 1080 4015 καὶ
1109 3954 1181 4015 τὰ
1213 3955 1395 4035 μέσα,
1429 3952 1497 4015 εὗ
1530 3954 1637 4015 καὶ
1664 3953 1774 4034 τὴν
1807 3953 2139 4036 τελευτήνῆ
2196 3954 2451 4014 Eadem
2488 3955 2701 4014 verba
2734 3972 2912 4033 quae
2947 3953 3127 4032 apud

675 4041 986 4103 Teletem
1046 4045 1108 4102 in
1173 4041 1436 4104 Catone
1486 4063 1621 4103 non
1671 4045 1955 4122 reperiri
2005 4045 2243 4104 mirum
2296 4063 2429 4103 non
2483 4053 2616 4118 est3
2668 4061 2894 4122 neque
2944 4043 3126 4101 0111111

675 4131 846 4192 Bion
908 4134 1052 4211 ipse
1112 4152 1151 4192 a
1209 4128 1342 4193 Cic.
1401 4133 1782 4211 exscriptus
1833 4140 1955 4204 est,
2005 4133 2127 4192 sed
2176 4141 2415 4192 auctor
2463 4131 2610 4191 libri
2660 4131 2831 4210 ,,περὶ
2878 4131 3126 4212 γήρως“

677 4223 788 4300 qui
839 4220 1011 4281 illam
1066 4221 1563 4281 similitudinem
1614 4220 1782 4281 libro
1818 4240 1939 4281 suo
1976 4221 2537 4281 accommodavit.
2603 4216 2889 4281 Constat
2920 4220 3128 4302 igitur

672 4311 737 4370 in
790 4309 957 4370 libro
1008 4308 1313 4370 Tulliano
1363 4313 1586 4371 inesse
1637 4309 2024 4390 complures
2074 4310 2259 4370 locos
2298 4308 2559 4370 Bioneo
2594 4308 2820 4368 colore
2856 4308 3125 4368 tinctos,

675 4397 862 4477 Quos
911 4419 998 4459 ex
1032 4398 1326 4459 Tithono
1364 4400 1702 4459 Aristonis
1751 4401 1893 4459 sive
1929 4395 2073 4460 Chii
2106 4401 2248 4459 sive
2285 4395 2382 4460 Cii
2414 4395 2798 4478 philosophi
2829 4395 3125 4469 fluxisse,

671 4490 814 4548 sive
865 4485 996 4548 Cic.
1048 4488 1226 4548 illum
1278 4488 1515 4548 librum
1559 4489 1704 4567 ipse
1739 4487 1910 4566 legit
1941 4489 2084 4549 sive
2121 4486 2318 4547 alium
2356 4496 2710 4547 auctorem
2746 4487 3123 4566 exscripsit,

673 4578 783 4656 qui
838 4575 1131 4637 Tithono
1186 4580 1339 4638 usus
1390 4586 1512 4651 est,
1561 4579 1701 4636 veri
1740 4596 1884 4636 non
1936 4575 2251 4637 dissimile
2300 4588 2421 4638 est.
