3584 5475
1481 602 1927 660 —19—

476 776 616 855 „At
665 778 884 837 minus
933 777 1158 837 habeo
1195 778 1430 837 virium
1470 795 1672 855 quam
1711 784 2013 838 vestrum
2056 778 2383 849 utervis“;
2436 796 2637 857 quam
2675 784 2943 837 contra-

472 865 842 926 dictionem
893 866 1038 946 ipse
1089 864 1386 926 afferens
1423 864 1683 926 refutat
1714 867 2007 945 primum
2047 874 2373 946 repetens
2408 886 2498 927 ex
2530 867 2716 927 initio
2752 866 2945 926 huius

470 956 686 1034 partis
719 952 784 1035 (ξ
819 958 900 1017 27
937 956 1096 1033 init.)
1131 956 1296 1015 satis
1331 974 1483 1015 esse
1518 973 1643 1034 pro
1679 955 1816 1015 suis
1852 973 2200 1035 quemque
2234 956 2487 1015 viribus
2525 956 2660 1027 niti,
2696 955 2943 1015 deinde

471 1044 773 1104 indidem
814 1045 1071 1105 iterans
1111 1043 1173 1127 (ἓ
1209 1046 1289 1105 27
1327 1043 1504 1104 med.
1538 1041 1677 1125 fin.)
1712 1043 1867 1124 plus
1898 1043 2129 1104 valere
2166 1045 2367 1105 animi
2400 1063 2604 1123 quam
2641 1046 2944 1123 corporis

474 1134 672 1205 vireS‚
726 1133 1104 1213 „denique“
1152 1134 1505 1213 disputans
1555 1153 1691 1193 non
1745 1134 2005 1193 debere
2054 1134 2240 1194 bona
2272 1135 2646 1214 praeterita
2676 1133 2945 1213 requiri,

472 1241 626 1283 cum
662 1230 905 1283 natura
936 1223 1118 1283 bona
1143 1241 1267 1282 sua
1293 1224 1538 1302 cuique
1561 1223 1774 1283 aetati
1795 1230 1987 1283 recte
2016 1224 2403 1283 attribuerit
2421 1258 2508 1266 —
2528 1231 2809 1302 postre
2826 1241 2887 1281 m
2905 1242 2943 1282 o

473 1310 930 1385 Masinissam,
1011 1320 1080 1371 ut
1152 1311 1665 1372 demonstretur
1737 1312 2237 1391 „temperantia
2301 1331 2392 1373 sc,
2456 1313 2521 1371 in
2589 1312 2943 1371 iuventute

474 1402 856 1461 exercitata
907 1399 1304 1480 (respiciunt
1353 1402 1526 1461 haec
1574 1401 1792 1461 verba
1854 1401 1939 1461 ad
1998 1401 2257 1461 initium
2319 1399 2513 1462 huius
2570 1399 2943 1480 particulae

473 1490 511 1570 ξ
556 1492 636 1550 29
681 1488 820 1572 fin.)
871 1491 1074 1550 etiam
1139 1491 1203 1549 in
1263 1497 1626 1550 senectute
1685 1491 2078 1550 conservari
2129 1508 2334 1569 posse
2384 1489 2639 1570 aliquid
2684 1490 2946 1569 pristini

399 1651 406 1657 ‚
473 1579 812 1651 roboris“;
851 1579 1096 1659 quibus
1129 1580 1360 1639 verbis
1393 1579 1566 1639 haec
1601 1578 2131 1659 particulaapte
2166 1577 2607 1640 concluditur.
2691 1576 2945 1658 Negle-

473 1687 645 1748 gere
681 1688 814 1729 non
853 1662 1187 1729 debemus
1221 1669 1284 1728 in
1321 1667 1358 1747 ξ
1386 1670 1468 1731 33
1503 1669 1885 1728 sententias
1919 1688 2009 1729 ex
2042 1670 2229 1729 initio
2263 1669 2475 1747 partis
2507 1667 2584 1729 II.
2616 1669 2944 1748 repetitas

477 1757 604 1817 alio
666 1757 867 1818 modo
929 1756 1203 1819 afferrit.
1239 1776 1388 1817 cum
1452 1756 1560 1817 illa
1609 1759 1673 1817 in
1725 1758 2058 1837 particula
2106 1754 2213 1840 (ἓξ
2263 1756 2463 1834 27129
2514 1757 2717 1838 med.)
2765 1758 2944 1817 vires

475 1848 780 1926 corporis
848 1847 1056 1906 minui
1125 1848 1189 1906 in
1258 1854 1620 1907 senectute
1690 1847 2129 1918 concedatur,
2197 1848 2263 1907 in
2329 1847 2366 1926 ἓ
2417 1848 2497 1909 33
2566 1848 2741 1907 vires
2799 1848 2946 1924 seni

474 1934 757 1996 relictae
825 1934 1292 1996 defenduntur
1355 1936 1442 1995 ab
1523 1936 1943 2015 adversario,
1977 1934 1985 1941 ’
2014 1938 2126 2015 qui
2196 1943 2269 1996 ut
2336 1955 2670 1996 summum
2738 1937 2946 1996 robur

477 2024 767 2085 hominis
815 2044 1028 2085 senex
1074 2025 1333 2085 habeat
1378 2025 1697 2104 postulat,
1747 2024 1953 2105 idque
2003 2027 2113 2098 ita,
2165 2034 2234 2085 ut
2282 2024 2390 2086 ille
2441 2024 2531 2085 ad
2577 2024 2940 2085 absurdum
2998 2049 3005 2057 ·

478 2114 858 2174 deducatur
888 2115 1118 2175 Verbis
1157 2133 1283 2189 „ne
1316 2134 1440 2174 vos
1477 2114 1750 2193 quidem
1788 2150 1871 2157 —
1906 2115 2213 2177 habe,tis“
2254 2123 2324 2174 et
2357 2113 2625 2195 legibus
2659 2121 2945 2174 naturae

479 2202 712 2276 allatiS‚
762 2203 1108 2283 quomodo
1158 2203 1317 2264 illud
1365 2202 1758 2283 exemplum
1793 2205 1858 2263 in
1897 2206 2110 2263 maius
2143 2202 2414 2264 tollitur.
2451 2240 2530 2247 —
2567 2202 2734 2262 Tum
2773 2200 2943 2264 Cato

475 2294 955 2372 gravissimum
1024 2300 1506 2372 argumentum
1578 2290 1778 2353 affert
1843 2294 1910 2353 in
1971 2312 2118 2372 cap.
2166 2291 2294 2355 XI:
2366 2301 2437 2353 ut
2494 2312 2711 2352 senex
2770 2293 2946 2352 vires

388 2454 393 2458 ·
478 2382 783 2462 corporis
832 2402 966 2443 non
1009 2383 1403 2453 servaverit,
1454 2382 1894 2461 opprobrium
1937 2383 2310 2442 secundum
2346 2390 2609 2442 rectum
2651 2400 2784 2441 non
2824 2389 2946 2451 est,

480 2472 798 2550 quoniam
843 2473 1058 2553 „vires
1094 2491 1133 2531 a
1165 2479 1526 2531 senectute
1561 2490 1696 2531 non
1734 2464 2239 2550 p'ostulentur“;
2275 2473 2509 2551 itaque
2541 2490 2714 2549 „non
2741 2470 2943 2530 modo

480 2560 662 2639 quod
701 2579 831 2620 non
869 2562 1148 2639 possint,
1197 2560 1319 2620 sed
1360 2579 1445 2620 ne
1483 2567 1809 2639 quantum
1848 2561 2113 2640 possint
2150 2561 2443 2640 quidem,
2492 2579 2692 2619 senes
2727 2560 2946 2638 cogi“,

481 2657 553 2708 ut
603 2648 960 2710 Masinissa
1006 2669 1273 2710 summa
1311 2650 1374 2708 in
1411 2656 1770 2709 senectute
1807 2649 1955 2728 plus
1994 2650 2252 2729 agebat
2293 2669 2493 2729 quam
2533 2648 2943 2728 postulatur3

478 2749 790 2818 apertum
864 2741 1040 2799 enim
1111 2748 1220 2800 est
1285 2730 1725 2799 sententiam‘
1775 2758 1901 2818 „ne
1968 2741 2103 2799 sint
2169 2742 2233 2800 in
2303 2748 2663 2800 senectute
2723 2740 2939 2800 vires“

479 2826 920 2911 (Germanice
965 2837 1194 2890 vertas
1249 2847 1801 2908 „angenommen
1841 2827 1973 2889 dass
2009 2830 2257 2902 nicht“,
2308 2849 2440 2890 non
2494 2828 2943 2908 „zugegeben

481 2917 611 2978 dass
685 2918 943 2999 nicht“)
1021 2927 1338 2998 spectare
1408 2917 1494 2977 ad
1563 2918 1777 2977 verba
1845 2919 2330 2979 antecedentia
2403 2925 2673 2999 „potest
2738 2919 2947 2996 igitur

481 3009 883 3068 exercitatio
934 3026 1347 3067 conservare
1399 3005 1650 3086 aliquid
1697 3009 1961 3086 pristini
2010 3009 2336 3068 roboris“.

660 3093 914 3157 Contra
950 3096 1126 3156 hanc
1159 3096 1532 3155 secundam
1569 3096 1976 3174 particulam
2004 3094 2111 3179 (ἐξ
2137 3099 2219 3159 29
2242 3093 2496 3178 fin.s34)
2518 3096 2946 3157 adversarius

479 3193 671 3246 recte
722 3186 932 3246 obicit
980 3185 1228 3245 multos
1265 3203 1418 3244 esse
1459 3203 1662 3244 senes
1696 3184 1899 3265 plane
1933 3184 2309 3246 imbecillos
2343 3185 2430 3246 ad
2466 3204 2706 3245 munus
2741 3183 2944 3245 ullum

480 3273 1023 3353 exsequendum.
1123 3274 1242 3334 Ad
1319 3273 1497 3334 hanc
1578 3271 2041 3335 objectionem
2120 3270 2290 3335 Cato
2348 3265 2723 3353 'respondit
2786 3273 2946 3334 illud

483 3364 920 3444 opprobrium
1000 3383 1403 3441 „commune
1461 3362 1911 3424 valetudinis“
1976 3383 2146 3436 esse,
2203 3363 2271 3424 id
2311 3364 2516 3444 quod
2577 3362 2949 3424 illustratur
3000 3421 3005 3424 .

481 3452 802 3532 exemplo
859 3451 932 3513 P.
989 3452 1281 3516 Cornelii
1342 3451 1678 3533 Scipionis
1744 3453 1905 3527 eiuS,
1966 3454 2078 3533 qui
2138 3451 2554 3533 Scipionem.
2592 3453 2950 3533 adoptavit

480 3538 548 3624 (ξ
585 3545 708 3618 35).
782 3541 889 3603 Ne
922 3543 1314 3603 valetudine
1351 3541 1528 3602 mala
1561 3551 1884 3603 senectus
1922 3545 2167 3603 misera
2202 3542 2336 3615 fiat,
2382 3539 2551 3604 Cato
2588 3550 2749 3623 apte
2790 3550 2947 3621 post

479 3630 625 3690 illas
703 3633 1082 3692 sententias
1162 3640 1398 3692 monet
1474 3629 1781 3692 Laelium
1852 3640 1922 3691 et
1990 3630 2401 3712 Scipionem,
2471 3641 2545 3692 ut
2608 3633 2948 3692 senectuti

489 3727 878 3799 „tamquam
966 3722 1243 3781 morbo“
1328 3721 1654 3780 resistant
1735 3723 2343 3782 exercitationibus
2415 3741 2569 3782 cum
2644 3722 2946 3799 corporis

479 3816 625 3866 tum
679 3809 902 3868 animi.
2646 3871 2653 3876 ,

664 3894 816 3956 Hoc
839 3897 1044 3957 modo
1059 3894 1192 3958 Cic.
1216 3897 1576 3976 eleganter
1597 3899 1840 3958 transit
1863 3898 1953 3958 ad
1968 3897 2250 3958 alteram
2274 3900 2945 3978 argumentationem

482 3985 941 4046 adhibendam
1011 3983 1078 4068 (ξ
1124 3982 1381 4069 36l38)‚
1451 4006 1653 4067 quam
1723 3988 1855 4046 iam
1923 3990 1987 4047 in
2050 3984 2212 4070 §27
2284 3986 2383 4069 (et
2438 3987 2596 4047 inde
2653 3989 2719 4047 in
2780 3984 2945 4069 §33

481 4075 872 4154 repetitam)
921 4095 1074 4135 eum
1127 4076 1531 4136 indicavisse
1580 4075 1869 4136 vidimus
1918 4074 2031 4158 (cf.
2079 4097 2142 4157 p.
2198 4075 2323 4159 18).
2410 4075 2713 4156 Exponit
2766 4077 2944 4136 enim

482 4166 711 4225 animo
771 4174 841 4224 et
914 4166 1140 4232 menti,
1200 4185 1378 4245 quae
1446 4167 1978 4245 exstinguantur
2024 4174 2404 4237 senectute,
2463 4165 2675 4227 multo
2726 4165 2947 4244 magis

482 4255 1026 4314 subveniendum
1110 4274 1261 4314 esse
1331 4274 1532 4335 quam
1605 4256 1892 4333 corpori,
1958 4257 2360 4335 praesertim
2433 4274 2586 4316 cum
2658 4273 2948 4335 corpora

481 4341 769 4423 (scilicet
800 4363 1059 4418 senum,
1081 4343 1164 4405 cf.
1189 4341 1415 4416 Otto,
1438 4343 1474 4405 l.
1496 4363 1552 4405 ο.
1573 4363 1637 4424 p.
1660 4343 1772 4426 99)
1804 4346 2413 4423 „exercitationum
2448 4343 2945 4424 defatigatione

485 4433 989 4512 ingravescant,
1013 4435 1215 4495 animi
1243 4442 1474 4494 autem
1495 4453 1570 4494 se
1599 4435 1991 4494 exercendo
2016 4433 2393 4511 leventur‘⁴3
2420 4453 2622 4514 quam
2645 4434 2946 4494 ultimam

480 4523 895 4581 sententiam
953 4524 1222 4583 uberius
1270 4520 1557 4584 illustrat
1606 4530 1678 4583 et
1710 4519 1985 4584 Caecilii
2020 4543 2261 4584 Versus
2298 4522 2607 4584 refutans
2639 4521 2946 4602 („senec-

481 4611 647 4670 tutis
704 4612 958 4685 inertiS,
1014 4612 1529 4686 somniculosae,
1587 4614 1921 4692 ignavae“
1994 4615 2031 4674 i.
2077 4632 2133 4674 e.
2192 4614 2352 4686 eiuS,
2412 4631 2589 4692 quae
2648 4612 2941 4672 animum

2560 4731 2627 4785 2*
